3012 4268
156 287 191 345 72
402 282 507 330 ACTII
524 280 689 330 SYNCERI
706 280 943 330 SANNAZARII

155 453 217 524 Qui
234 454 373 509 miseram
390 461 454 509 tota
471 452 631 526 spoliatam
647 460 746 508 mente
765 451 895 525 reliquit.

155 537 276 593 Volvite
292 537 489 611 praecipitem
504 537 568 610 jam
585 552 674 605 nunc,
692 553 758 592 mea
773 535 853 605 licia,
870 535 1038 591 rhombum.

196 621 353 678 Rhombus
368 621 407 677 ad
423 621 610 676 Haemonias
626 629 781 676 revocetur
797 636 905 675 aeneus
921 627 1008 689 artes,

154 705 264 762 Sistere
280 705 332 778 qui
347 704 475 778 pluvias,
493 705 545 778 qui
561 703 674 778 pellere
689 702 795 759 nubila
810 703 902 773 caelu,

155 789 217 860 Qui
233 790 311 862 potis
328 798 371 844 est
387 787 520 861 trepidos
536 786 625 844 undis
642 786 789 844 abducere
805 787 910 861 pisces,

152 875 275 933 Volvite
292 876 497 950 praecipitem,
514 892 582 930 mea
596 873 676 944 licia,
694 873 807 930 volvite
825 872 993 930 rhombum.

194 956 278 1030 Alga
291 956 346 1012 tibi
361 956 434 1012 haec
448 957 579 1029 primum
595 954 703 1011 tumidi
720 955 901 1028 purgamina
914 954 1001 1027 ponti

153 1040 314 1114 Spargitur
331 1049 360 1096 et
376 1039 491 1114 rapidis
507 1040 674 1096 absumitur
691 1039 777 1096 arida
793 1037 938 1111 flammis,

155 1123 204 1181 Sic
223 1124 307 1195 mihi,
328 1125 379 1195 sic,
403 1124 522 1194 Maeon,
543 1125 639 1180 uraris
659 1123 793 1198 adusque
813 1122 970 1179 medullas.

155 1207 276 1265 Volvite
295 1209 491 1282 praecipitem
509 1209 575 1282 jam
592 1224 681 1278 nunc,
699 1225 767 1264 mea
784 1207 863 1277 licia,
884 1207 1052 1263 rhombum.
1153 1206 1193 1260 40

195 1293 257 1348 Ter
273 1309 418 1362 muscum,
438 1291 596 1362 Clearista,
616 1302 660 1348 ter
678 1292 758 1348 hunc
777 1292 839 1347 sine
858 1289 976 1364 forcipe
994 1307 1136 1346 cancrum

156 1379 218 1436 Ure
233 1380 322 1436 simul
339 1378 355 1403 “
368 1396 436 1435 cum
449 1378 527 1453 ”que
541 1377 557 1402 ‘¹
570 1378 616 1434 his
630 1377 645 1401 ”
662 1377 712 1434 dic
729 1377 744 1401 “
758 1378 873 1433 viscera
889 1376 1028 1433 Maeonis
1041 1392 1097 1431 uro
1109 1374 1136 1431 ''.

156 1460 278 1516 Volvite
294 1461 498 1534 praecipitem,
517 1477 584 1516 mea
599 1460 678 1530 licia,
698 1460 809 1516 volvite
829 1459 995 1515 rhombum.

196 1545 331 1618 Spongia
347 1561 428 1601 nunc
446 1544 578 1600 lacrimis
595 1542 800 1617 perfunditur.
841 1543 928 1599 Heus
945 1543 1025 1599 bona
1041 1559 1152 1616 magno

155 1629 290 1702 Spongia
305 1638 378 1685 nata
394 1623 478 1697 mari,
496 1628 636 1684 lacrimas
651 1627 719 1684 bibe
737 1626 842 1685 sedula
856 1635 983 1695 nostras,

150 1713 259 1787 thue
278 1713 360 1785 rapis
379 1714 482 1768 sitiens
500 1711 570 1769 illas
588 1713 630 1768 sic
651 1712 788 1768 Maeonis
808 1729 934 1781 omnem,

157 1797 294 1853 Maeonis
314 1797 434 1870 ingrati,
455 1797 555 1869 rapias
571 1796 611 1852 de
629 1805 749 1869 pectore
767 1812 894 1853 sensum.

155 1880 277 1937 Volvite
294 1881 490 1955 praecipitem
505 1880 570 1954 jam
585 1897 675 1951 nunc,
692 1897 759 1936 mea
774 1880 853 1950 licia,
871 1879 1039 1936 rhombum.

197 1968 240 2025 Ut
257 1985 376 2042 pumex,
394 1968 581 2042 pinguescat,
598 1975 632 2023 ut
649 1967 786 2040 aequoris
802 1965 893 2036 unda,
911 1965 1053 2040 quiescat,

156 2049 242 2120 Quae
259 2049 355 2105 ventis
374 2049 489 2122 agitata
506 2048 565 2104 huc
582 2047 656 2104 illuc
674 2048 793 2104 concita
810 2046 916 2104 fertur.
1157 2045 1194 2103 50

155 2132 213 2190 Sed
231 2132 304 2207 quid
321 2150 376 2206 ego
392 2132 450 2188 heu
466 2133 544 2188 tristi
561 2139 664 2206 pectus
680 2148 824 2188 concussa
839 2131 944 2188 dolore

157 2218 308 2290 Imprecer
326 2225 355 2273 et
372 2217 457 2272 vanis
474 2216 587 2290 jactem
606 2216 743 2272 convicia
760 2215 877 2272 ventis?

157 2301 269 2358 Maeon
283 2309 329 2358 tot
344 2301 420 2356 mihi
436 2300 555 2370 damna,
573 2318 629 2375 ego
647 2300 770 2357 Maeoni
786 2299 878 2356 verba
893 2297 1077 2373 rependam?

155 2384 277 2441 Volvite
295 2385 499 2458 praecipitem,
517 2402 585 2441 mea
601 2383 680 2454 licia,
697 2383 810 2440 volvite
828 2383 996 2440 rhombum.

196 2468 278 2539 Huc,
296 2468 363 2538 huc,
381 2469 433 2542 qui
449 2467 549 2542 rigida
565 2467 719 2524 meditaris
735 2467 863 2523 vulnera
878 2466 984 2536 cauda,

156 2552 249 2610 Saeve
266 2553 376 2626 trigon,
394 2562 423 2608 et
440 2561 474 2609 tu
491 2553 647 2625 proprium
665 2553 714 2608 cui
731 2551 833 2607 sistere
850 2569 942 2608 naves

157 2635 318 2704 Veliferas‚
336 2636 480 2706 echeneis,
500 2635 600 2692 adeste
617 2644 645 2691 et
664 2635 802 2692 Maeonis
820 2652 902 2691 acres
990 2689 993 2694 .

155 2722 206 2777 Tu
222 2721 350 2776 retinere
366 2719 466 2793 pedes,
483 2727 516 2777 tu
533 2719 625 2794 figere
642 2719 734 2776 corda
750 2719 864 2776 labora.

156 2805 277 2861 Volvite
295 2805 490 2877 praecipitem
505 2805 570 2878 jam
587 2821 676 2874 nune,
694 2822 760 2860 mea
776 2803 855 2873 licia,
872 2803 1040 2859 rhombum.

197 2888 307 2945 Tunde
325 2888 411 2963 jecur
430 2905 627 2962 spumamque
646 2887 735 2944 simul
755 2887 921 2960 torpedinis
940 2895 1030 2943 atrae.
1155 2885 1194 2941 60

158 2973 245 3028 Haec
265 2990 319 3046 ego
342 2989 406 3028 cras
428 2972 475 3028 illi
496 2971 622 3028 lethalia
642 2971 753 3045 pocula
772 2972 890 3028 mittam
901 2989 909 3044 3

158 3057 270 3114 Ebibat
288 3066 316 3112 et
335 3057 434 3113 subito
450 3056 598 3129 pallentes
615 3064 733 3128 torpeat
751 3064 840 3112 artus

156 3141 278 3200 Volvite
299 3141 503 3214 praecipitem,
525 3158 590 3196 mea
611 3140 689 3210 licia,
710 3139 822 3197 volvite
844 3139 1011 3196 rhombum.

197 3224 306 3282 Scinde
321 3242 414 3280 manu
430 3224 581 3297 leporem,
600 3223 711 3296 leporis
728 3223 913 3296 penetrabile
929 3224 1019 3279 virus.

157 3308 302 3365 Nascitur
322 3310 393 3366 Eois
410 3309 459 3364 hic
476 3307 616 3364 fluctibus
625 3327 633 3380 3
653 3308 757 3364 attulit
774 3307 878 3382 Aegle,

159 3393 259 3450 Docta
274 3394 379 3466 Aegle,
398 3393 546 3466 jussitque
565 3392 719 3447 inimicum
737 3401 859 3464 tangere
876 3390 977 3446 limen.

159 3477 254 3534 Curre
271 3495 335 3551 age,
356 3485 445 3550 tange
464 3475 562 3546 simul,
582 3476 671 3532 simul
690 3475 809 3547 obline3
830 3492 894 3531 cras
912 3475 988 3530 mihi
1006 3491 1118 3548 poenas

158 3560 295 3618 Perfidus
310 3561 362 3617 ille
379 3560 472 3630 dabit,
491 3569 588 3634 gemet
605 3561 671 3634 ipso
687 3561 718 3614 in
736 3559 839 3615 limine
857 3559 977 3615 Maeon.
1028 3629 1030 3636 γ

156 3645 259 3702 Sistite
277 3645 473 3718 praecipitem
491 3644 557 3717 jam
575 3661 663 3714 nunc,
683 3661 750 3701 mea
767 3643 847 3714 licia,
868 3643 1035 3699 rhombum.

198 3727 328 3786 Contere
346 3737 375 3785 et
393 3728 526 3802 alcyonis
544 3728 650 3785 nidum
667 3727 761 3801 mih13
782 3727 896 3802 pellere
912 3735 1017 3783 ventos
1157 3725 1194 3782 70

159 3814 279 3870 Dicitur
296 3821 324 3870 et
340 3831 442 3870 saevas
459 3812 560 3888 pelagi
576 3811 707 3868 mulcere
724 3810 881 3887 procellas.
