3012 4268
604 267 750 318 ECLOGA
771 269 810 317 II.
828 267 905 329 3583
1234 271 1270 328 81
1377 275 1381 295 '

267 442 306 492 35.
326 433 372 493 Cp.
395 433 448 482 Cic.
468 435 510 482 De
529 433 591 482 Dia.
613 434 639 481 ii.
665 447 701 492 14,
723 447 762 493 33,
785 433 884 482 ‘multa
904 435 973 482 enim
996 435 1075 483 Stoici
1096 433 1224 493 colligunt
1242 471 1248 481 .
1267 470 1273 481 .

234 500 376 559 ostreisque
392 508 416 548 et
432 501 573 560 conchyliis
590 501 709 548 omnibus
725 501 883 560 contingere,
900 508 928 549 ut
943 518 1001 549 cum
1016 502 1080 549 luna
1095 502 1192 560 pariter
1208 517 1273 550 cres·

234 575 294 616 cant
309 568 456 627 pariterque
471 569 635 616 decrescant'
644 585 650 625 ;
669 568 751 616 Lucil.
767 585 807 628 ap.
821 567 889 617 Gell.
905 586 945 616 xx.
960 569 983 623 8,
997 583 1021 628 4,
1035 569 1114 617 ‘luna
1129 569 1176 617 alit
1189 576 1275 617 ostrea

234 641 259 682 et
274 634 364 694 implet
379 634 514 692 echinos’;
531 635 597 683 Hor.
610 636 665 683 Sat.
679 635 707 682 ii.
722 650 745 694 4,
760 648 799 694 30,
814 635 930 683 ‘lubrica
945 643 1078 683 nascentes
1093 634 1201 695 implent
1215 652 1274 683 con-

234 700 321 760 chylia
337 701 446 758 lunae';
466 702 533 750 Plin.
550 703 586 752 N.
603 703 641 751 H.
659 703 686 750 ii.
707 715 760 761 109,
779 703 846 750 ‘iam
865 703 969 761 quidem
986 703 1073 750 lunari
1092 710 1216 762 potestate
1236 719 1274 750 os·

236 776 349 816 trearum
371 769 616 828 conchyliorumque
638 777 662 818 et
684 769 841 823 concharum
864 770 979 817 omnium
1001 785 1111 828 corpora
1133 771 1223 828 augeri
1246 786 1274 816 ac

236 852 326 883 rursus
344 837 426 884 minui
437 837 451 892 '‚
469 835 524 884 also
542 837 568 884 ii.
586 850 641 891 221,
659 837 692 884 ix.
715 837 743 884 18
761 837 813 886 and
831 837 870 896 96.
907 837 958 884 For
976 854 991 885 a
1007 838 1073 885 later
1092 844 1227 884 statement
1245 836 1275 884 of

224 903 286 950 this
304 902 392 958 belief,
411 920 450 963 cp.
471 904 511 952 the
532 904 600 952 sixth
618 902 723 963 eclogue
742 905 772 952 of
790 905 830 952 W.
851 905 971 962 Diaper's
990 905 1117 954 Nereides
1141 904 1274 962 (London,

239 970 332 1028 1712):
353 971 423 1019 ‘The
443 971 578 1019 conscious
599 972 662 1018 Fish
683 972 724 1020 the
744 971 865 1030 heav'nly
887 972 1001 1020 Motions
1024 971 1082 1026 feel,
1105 965 1109 1034 4
1134 971 1193 1018 And
1215 972 1274 1019 thus

235 1038 348 1086 confin’d
369 1037 460 1086 within
480 1039 522 1086 his
543 1039 631 1086 native
654 1037 732 1094 Shell,
756 1033 761 1100 4
786 1038 828 1086 All
852 1039 900 1098 dry
922 1039 973 1087 and
995 1039 1053 1086 lean
1075 1040 1116 1087 the
1138 1037 1274 1086 mournsul

237 1104 323 1153 Oister
345 1105 400 1158 lies,
425 1099 429 1166 4
459 1104 534 1163 (And
558 1105 663 1153 Fishers
686 1107 746 1154 then
770 1106 811 1154 the
835 1105 937 1154 tastless
961 1106 1027 1165 Prey
1049 1106 1163 1165 despise)
1193 1102 1197 1168 4
1224 1106 1275 1153 But

236 1171 309 1220 when
326 1173 367 1220 the
385 1173 465 1220 Moon
480 1171 554 1236 looks
570 1172 645 1220 down
661 1173 696 1220 all
712 1188 772 1221 over
787 1173 884 1232 bright,
903 1167 906 1234 4
925 1173 998 1233 They
1013 1172 1086 1232 juicy
1102 1189 1182 1231 grow,
1198 1189 1275 1220 nour·

235 1239 302 1287 ish'd
318 1239 381 1287 with
396 1238 516 1298 heav'nly
535 1239 615 1298 Light
625 1239 639 1287 '.

268 1315 351 1365 39-45.
370 1306 416 1364 Cp.
435 1307 509 1364 Virg.
528 1307 585 1355 Ecl.
603 1307 629 1354 ii.
649 1307 687 1365 36,
707 1307 760 1354 ‘est
778 1308 842 1355 mihi
860 1307 1009 1366 disparibus
1028 1314 1125 1366 septem
1142 1316 1277 1366 compacta

235 1376 326 1424 cicutis
345 1367 348 1434 4
368 1375 463 1432 fistula,
481 1376 621 1424 Damoetas
637 1377 705 1424 dono
721 1376 785 1424 mihi
801 1393 879 1436 quam
895 1376 967 1424 dedit
982 1377 1044 1424 olim
1064 1367 1067 1434 4
1086 1383 1111 1424 et
1127 1376 1193 1424 dixit
1209 1392 1275 1424 mor·

201 1485 204 1492 ,
235 1440 305 1487 iens:
324 1440 360 1487 Te
380 1456 448 1488 nunc
468 1440 545 1489 habet
564 1441 614 1489 ista
634 1442 806 1496 secundum’;
827 1441 900 1500 Calp.
919 1442 975 1490 Ecl.
995 1443 1029 1488 iv.
1049 1442 1131 1500 60-63,
1151 1441 1275 1488 ‘donavit

236 1507 352 1566 dixitque
371 1543 377 1554 .
396 1544 401 1554 .
420 1507 528 1566 Tityrus
545 1509 611 1556 hanc
629 1508 728 1564 habuit,
746 1509 838 1557 cecinit
856 1509 900 1568 qui
918 1509 1018 1568 primus
1037 1509 1063 1556 in
1081 1509 1138 1556 istis
1159 1505 1162 1570 4
1183 1509 1275 1556 monti·

235 1575 307 1622 bus'.
520 1615 522 1620 .

269 1654 308 1700 41.
327 1641 350 1688 A
377 1641 540 1700 ‘piscatory'
568 1642 705 1691 substitute
733 1643 775 1691 for
799 1643 962 1691 Theocritus’
987 1645 1160 1702 comparison,
1186 1660 1209 1691 v.
1237 1651 1278 1701 51,

237 1703 328 1772 (εῑρια)
343 1705 410 1752 bavo
423 1704 595 1767 recitatorem.

269 1788 308 1834 42.
327 1773 477 1824 Helisaeus
505 1792 594 1824 means
623 1775 752 1824 Gioviano
783 1776 908 1831 Pontano,
938 1792 966 1823 as
994 1776 1021 1823 in
1051 1773 1190 1823 Pontano’s
1218 1791 1276 1823 own

236 1840 341 1901 eclogue
357 1842 489 1891 Meliseus.

270 1919 309 1968 45.
328 1910 374 1968 Cp.
395 1910 451 1958 Ecl.
472 1910 506 1958 iv.
530 1921 609 1969 17-20,
630 1911 681 1958 and
703 1910 780 1958 Sann.
800 1911 875 1967 Eleg.
895 1910 932 1956 iii.
954 1923 975 1963 2,
997 1909 1078 1968 57-58,
1099 1909 1275 1967 ‘quandoqui-

238 1979 294 2028 dem
313 1979 394 2027 salsas
411 1980 531 2028 descendi
547 1996 595 2039 ego
613 1980 712 2040 primus
730 1980 762 2027 ad
779 1980 870 2034 undas,
891 1971 894 2038 Ι
915 1995 993 2027 ausus
1010 1979 1152 2037 inexpertis
1171 1977 1277 2026 reddere

237 2047 315 2095 verba
330 2046 400 2094 sonis
409 2046 424 2094 ’.
1298 2087 1300 2094 .

270 2111 309 2170 46.
329 2110 375 2170 Cp.
393 2111 468 2170 Virg.
486 2111 543 2160 Ecl.
561 2111 598 2158 iii.
617 2124 657 2170 43,
675 2111 801 2159 ‘necdum
818 2110 872 2159 illis
888 2110 964 2158 labra
981 2110 1093 2166 admovi,
1111 2110 1155 2158 sed
1172 2110 1278 2158 condita

237 2194 311 2226 servo
320 2179 334 2226 '.

271 2254 352 2305 51-55.
372 2246 418 2304 Cp.
437 2246 539 2293 Nemes.
557 2245 614 2292 Erl.
631 2246 658 2293 ii.
677 2255 715 2304 70,
733 2245 863 2293 ‘forsitan
880 2244 1020 2303 indignum
1037 2244 1118 2297 ducis,
1135 2245 1204 2304 quod
1223 2260 1277 2291 rus·

238 2313 303 2360 ticus
318 2312 401 2360 Alcon
418 2308 421 2375 Ι
439 2319 462 2360 te
477 2328 588 2372 peream,
603 2313 647 2371 qui
662 2328 736 2360 mane
749 2312 827 2360 boves
841 2313 868 2359 in
883 2328 980 2371 pascua
993 2312 1066 2359 duco.
1084 2306 1087 2371 4
1105 2311 1141 2358 Di
1155 2319 1277 2370 pecorum

237 2395 330 2438 pavere
347 2395 446 2439 greges,
464 2380 595 2427 formosus
612 2378 715 2438 Apollo.
734 2374 737 2442 4
757 2380 811 2426 Pan
827 2380 926 2434 doctus,
944 2379 1028 2427 Fauni
1044 2386 1115 2427 vates
1131 2385 1155 2426 et
1171 2378 1277 2438 pulcher

238 2448 338 2495 Adonis
349 2448 370 2504 ';
389 2447 444 2495 also
459 2448 567 2495 Theocr.
586 2464 626 2494 xx.
643 2460 674 2506 32
692 2447 718 2494 ff.
735 2447 785 2494 and
803 2447 877 2506 Virg.
894 2447 951 2494 Ecl.
967 2446 994 2495 ii.
1011 2446 1050 2494 60.

271 2515 353 2562 60-61.
372 2515 418 2574 Cp.
442 2514 519 2569 Ovid,
540 2515 603 2562 Met.
625 2514 658 2562 ix.
681 2524 736 2572 373,
759 2514 796 2560 ‘si
818 2513 937 2569 mentior,
959 2513 1033 2561 arida
1053 2513 1161 2572 perdam
1184 2511 1189 2575 4
1213 2528 1277 2572 quas

237 2581 318 2629 habeo
339 2582 454 2630 frondes.
473 2589 498 2630 et
516 2597 590 2630 caesa
609 2581 742 2629 securibus
761 2597 822 2629 urar
832 2582 846 2629 '.

271 2649 353 2708 65-72.
372 2648 418 2708 Cp.
439 2649 514 2708 Virg.
534 2649 592 2697 Ecl.
613 2667 636 2696 x.
658 2649 741 2709 64-60.
761 2649 829 2696 ‘non
850 2647 925 2696 illum
945 2647 1028 2696 nostri
1049 2654 1158 2707 possunt
1177 2654 1277 2695 mutare

238 2713 353 2762 labores:
373 2711 377 2776 4
397 2732 443 2763 nec
462 2717 483 2763 si
502 2715 647 2774 frigoribus
665 2717 756 2764 mediis
775 2715 945 2770 Hebrumque
962 2715 1089 2770 bibamus,
1110 2709 1113 2776 4
1136 2714 1278 2763 Sithonias-

238 2801 286 2844 que
304 2785 377 2833 nives
395 2785 487 2833 hiemis
506 2785 644 2833 subeamus
662 2801 780 2844 aquosae,
802 2776 805 2843 4
827 2801 873 2833 nec
893 2785 914 2833 si
933 2801 991 2833 curn
1010 2784 1122 2832 moriens
1142 2783 1195 2832 alta
1211 2783 1278 2830 liber

240 2856 294 2896 aret
310 2849 337 2896 in
355 2848 433 2904 ulmo,
453 2843 456 2910 4
478 2849 635 2909 Aethiopum
652 2866 783 2898 versemus
801 2866 860 2898 oves
878 2850 926 2898 sub
944 2850 1026 2914 sidere
1045 2848 1146 2898 Cancri.
1167 2841 1170 2908 4
1191 2848 1279 2896 omnia

240 2916 319 2963 vincit
337 2915 433 2972 Am0r;
451 2924 475 2965 et
491 2933 537 2965 nos
554 2917 675 2979 cedamus
693 2917 784 2965 Amori
794 2917 808 2964 '.
842 2916 915 2965 With
930 2917 982 2964 line
999 2916 1030 2964 66
1047 2932 1086 2974 cp.
1103 2915 1177 2974 Virg.
1196 2915 1227 2963 G.
1243 2915 1277 2962 iv.

240 2983 294 3041 518,
311 2984 440 3034 ‘arvaque
456 2984 581 3042 Rhipaeis
596 3001 738 3043 numquam
753 2984 860 3032 viduata
875 2983 977 3043 pruinis
988 2983 1008 3039 ’ς
1027 2983 1077 3031 and
1093 2983 1156 3031 with
1171 2982 1223 3030 line
1238 2982 1278 3041 69,

239 3065 277 3108 cp.
294 3050 368 3109 Virg.
384 3051 440 3099 Ecl.
458 3069 480 3098 x.
497 3051 536 3102 60.
553 3052 700 3110 ‘tamquam
716 3052 778 3099 haec
795 3052 827 3100 sit
843 3051 926 3099 nostri
943 3051 1071 3099 medicina
1086 3049 1191 3105 doloris,
1209 3047 1214 3112 4
1234 3057 1279 3097 aut

239 3120 301 3168 deus
318 3119 362 3168 ille
380 3120 455 3168 malis
473 3121 607 3169 hominum
626 3121 758 3169 mitescere
777 3121 883 3169 discati'

273 3194 310 3244 73.
330 3185 376 3244 Cp.
391 3184 499 3234 Theocr.
514 3186 551 3234 iii.
566 3195 605 3242 25,
620 3181 665 3228 τὰν
683 3181 772 3237 βαίταν
789 3178 882 3236 ἀποδὺς
899 3179 933 3238 εὶς
951 3179 1045 3242 κύματα
1057 3182 1120 3236 τηνῶ
1132 3177 1243 3232 eleana.
1262 3179 1266 3240 4

174 3255 177 3268 “
237 3247 303 3311 ὥπερ
321 3247 367 3306 τὼς
383 3247 472 3306 θὺννως
489 3247 643 3306 σκοπιάζεται
660 3249 747 3305 Ὀλπις
764 3247 777 3294 ὁ
793 3247 902 3308 γριπεὺς,
925 3251 979 3299 also
997 3251 1072 3310 Virg.
1090 3251 1147 3299 Ecl.
1166 3250 1220 3298 viii.
1240 3260 1278 3309 59,

239 3313 378 3378 ‘praeceps
395 3319 458 3367 aerii
476 3319 581 3379 specula
597 3319 627 3368 de
643 3319 738 3368 montis
753 3319 781 3367 in
798 3319 881 3367 undas
901 3313 904 3379 4
923 3319 1052 3367 deferar’.

273 3386 310 3444 78.
328 3382 455 3445 Caietae:
471 3403 530 3435 now
544 3387 633 3436 Gaeta

271 3457 353 3505 80-81.
378 3457 424 3516 Cp.
448 3457 523 3516 Virg.
546 3455 611 3504 Aen.
635 3473 657 3504 v.
685 3456 765 3512 162-5,
789 3456 855 3514 ‘quo
880 3462 980 3503 tantum
1003 3455 1067 3503 mihi
1092 3455 1180 3503 dexter
1204 3453 1278 3502 abis?

239 3560 244 3571 .
263 3560 269 3570 .
290 3515 294 3582 4
316 3540 379 3572 saxa
396 3524 488 3572 timens
507 3539 612 3582 proram
630 3522 716 3582 pelagi
735 3523 869 3582 detorquet
888 3523 920 3570 ad
939 3522 1021 3570 undas
1032 3522 1046 3569 ’.

273 3587 311 3634 82.
331 3588 377 3646 Cp.
398 3587 465 3636 Hor.
485 3587 534 3636 Od.
553 3587 570 3635 i.
590 3600 613 3647 3,
633 3601 671 3642 20,
691 3587 742 3636 and
762 3588 825 3636 Stat.
848 3587 924 3635 Theb.
944 3587 981 3634 iii.
1004 3601 1057 3642 121,
1077 3587 1205 3634 ‘infames
1226 3603 1278 3634 sco-

239 3653 314 3713 pulos
324 3654 339 3701 ’.

273 3721 311 3778 83.
332 3722 377 3780 Cp.
397 3722 471 3781 Virg.
489 3721 545 3770 Ecz.
564 3722 590 3770 ii.
609 3736 632 3785 4,
651 3722 728 3770 ‘haec
747 3722 881 3782 incondita
899 3721 968 3782 solus
989 3717 993 3782 4
1015 3721 1145 3770 montibus
1164 3728 1188 3785 et
1206 3720 1278 3784 silvis

240 3789 327 3852 §tudio
344 3789 457 3853 iactabat
473 3789 546 3853 inapi
556 3789 570 3853 ’,
805 3802 807 3806 ·
989 3793 990 3796 ’
