3012 4268
147 323 185 382 58
395 319 501 371 ACTII
516 319 683 371 SYNCERI
698 321 936 373 SANNAZARII

147 491 189 548 Et
206 509 287 549 nunc
304 492 363 549 heu
380 492 455 549 viles
473 492 562 551 hamo
581 493 637 550 sibi
656 502 811 568 quaereret
828 510 910 550 escas

146 575 209 632 Aut
227 578 310 632 tenui
327 576 441 633 laceras
459 577 582 634 sarciret
600 578 712 634 vimine
730 578 852 634 nassas?

146 659 206 717 Sed
221 669 263 731 tu,
280 662 305 716 si
319 661 393 735 quid
409 661 500 718 habes
516 669 632 719 veteres
645 661 726 736 quod
743 662 846 735 lugeat
862 662 955 736 ignes,

147 744 239 816 Quod
256 762 360 801 manes
378 746 549 820 cineresque
568 745 621 802 diu
639 755 763 803 testetur
782 754 905 817 amatos,

148 829 261 902 Incipe,
280 829 526 904 quandoquidem
542 830 650 886 molles
666 830 722 887 tibi
739 830 811 886 litus
827 831 955 887 harenas

147 912 260 970 Sternit
281 921 309 969 et
330 914 428 969 insani
449 922 612 987 posuerunt
632 931 788 971 murmura
807 914 923 971 fluctus

595 1064 734 1137 Lycidas.

190 1182 288 1239 Immo
304 1182 377 1237 haec
394 1199 470 1256 quae
487 1183 580 1238 cineri
595 1201 691 1256 nuper
709 1192 871 1256 properata
887 1183 1032 1257 parabam

148 1265 300 1336 Carmina,
321 1266 358 1322 ab
377 1274 511 1324 extremo
529 1284 597 1323 cum
614 1267 680 1340 jam
697 1284 771 1324 cava
789 1267 880 1324 litora
897 1272 988 1341 portu

148 1350 354 1423 Prospicerem
373 1359 402 1406 et
419 1352 500 1406 nivei
517 1368 675 1408 venerarer
695 1368 768 1407 saxa
786 1352 926 1424 sepulcri,

148 1434 315 1508 Incipiam,
334 1443 368 1490 tu
382 1433 533 1491 coniferas
549 1435 588 1491 ad
602 1435 692 1492 busta
706 1452 862 1508 cupressus

147 1517 263 1592 Sparge
278 1536 371 1574 manu
387 1527 415 1575 et
431 1518 522 1575 viridi
538 1519 688 1575 tumulum
703 1537 792 1592 super
810 1520 909 1594 intege
925 1528 1031 1594 myrto.
1069 1568 1073 1576 .

603 1667 727 1739 Myron.

189 1784 238 1840 En
254 1784 309 1841 tibi
324 1785 454 1841 caerulei
469 1802 606 1841 muscum
621 1786 766 1860 aequoris,
783 1803 819 1841 en
835 1786 891 1842 tibi
906 1785 1035 1842 conchas

148 1868 327 1942 Purpureas,
345 1885 476 1926 necnon
493 1877 557 1926 toto
573 1870 708 1944 quaesita
724 1868 879 1943 profundo

148 1952 188 2008 Et
205 1953 256 2008 vix
273 1953 394 2009 eximis
411 1953 515 2009 evulsa
530 1953 658 2010 corallia
674 1954 753 2010 saxis

147 2035 330 2109 Afferimus3
349 2046 382 2092 tu
398 2036 557 2093 sollemnes
574 2055 654 2093 nunc
670 2038 769 2110 incipe
786 2045 900 2094 cantus.

149 2121 262 2193 Incipe,
281 2120 354 2177 dum
372 2120 411 2177 ad
430 2121 523 2178 solem
542 2121 679 2194 Bajanus
697 2123 773 2178 retia
792 2122 911 2178 Milcon

149 2204 293 2277 Explicat
311 2213 340 2260 et
357 2204 496 2261 madidos
514 2206 668 2278 componit
686 2207 717 2261 in
734 2205 805 2263 orbe
823 2206 972 2263 rudentes.

595 2339 734 2414 Lycidas.

189 2457 273 2528 Quos
287 2457 362 2513 mihi
377 2474 466 2528 nunc,
485 2457 591 2527 Divae,
608 2457 756 2530 scopulos,
772 2475 848 2532 quae
862 2456 996 2530 panditis
1012 2465 1108 2527 antra,

148 2541 315 2598 Nereides?
334 2559 408 2616 quas
426 2551 459 2598 tu
477 2543 582 2598 secreti
598 2541 697 2598 litoris
714 2542 830 2612 herbas,

149 2624 264 2682 Glauce
282 2633 377 2699 pater,
395 2643 470 2700 quae
487 2624 691 2682 monstriferis
707 2626 783 2682 mihi
799 2626 937 2700 gramina
954 2626 1031 2682 sucis

147 2708 298 2767 Ostendes
311 2705 402 2780 nunc,
418 2709 542 2780 Glauce,
559 2709 667 2784 quibus
681 2710 789 2766 tellure
804 2710 919 2779 relicta,

147 2793 197 2849 Ah
215 2794 313 2863 miser,
334 2802 362 2850 et
382 2794 492 2867 liquidi
510 2793 610 2850 factus
629 2811 726 2850 novus
745 2793 845 2850 incola
863 2794 949 2867 ponti

147 2878 193 2933 Te
210 2895 317 2952 sequar
334 2879 366 2934 in
381 2877 495 2934 medios
512 2887 629 2935 mutato
646 2895 771 2951 corpore
787 2876 896 2934 fluctus

148 2961 189 3018 Et
209 2961 319 3018 feriam
337 2961 433 3020 bifida
452 2963 624 3036 spumantia
641 2979 793 3019 marmora
812 2961 929 3018 cauda?
1149 2963 1186 3020 50

149 3045 231 3101 Nam
245 3046 319 3121 quid
334 3064 391 3121 ego
404 3047 463 3102 heu
478 3047 550 3103 solis
563 3047 657 3103 vitam
672 3047 736 3104 sine
752 3046 893 3120 Phyllide
908 3047 994 3103 terris

148 3129 300 3203 Exoptem
318 3131 428 3186 miser?
467 3139 519 3187 aut
539 3130 684 3205 quidnam
703 3139 792 3203 rapta
809 3131 884 3186 mihi
903 3131 969 3186 luce

149 3213 247 3270 Dulce
263 3215 387 3287 putem?
426 3214 536 3288 quidve
554 3214 603 3270 hic
621 3215 757 3287 sperem?
795 3214 868 3290 quid
886 3214 952 3290 jam
969 3232 1066 3271 morer
1084 3215 1167 3271 ultra

149 3297 286 3354 Infelix?
322 3315 361 3354 an
376 3306 410 3354 ut
425 3298 482 3355 hac
498 3298 552 3354 vili
567 3299 723 3372 projectus
738 3299 770 3353 in
786 3298 858 3372 alga

147 3382 275 3438 Arentes
294 3391 412 3439 tantum
430 3382 556 3439 frutices
574 3383 750 3457 desertaque
768 3401 889 3439 cernam

147 3465 252 3522 Litora
266 3474 295 3522 et
310 3467 432 3540 ingrato
446 3465 559 3538 jactem
573 3485 640 3523 mea
654 3467 747 3523 verba
760 3467 919 3540 sepulcro?

147 3551 269 3608 Scilicet
287 3551 342 3608 hos
359 3550 517 3621 thalamos,
537 3552 591 3607 hos
609 3551 715 3607 felices
732 3551 912 3624 hymenaeos

147 3637 383 3696 Concelebrem?
427 3638 469 3694 sic
485 3646 622 3711 speratae
639 3637 714 3693 mihi
733 3636 845 3712 gaudia
862 3636 967 3693 taedae

149 3719 211 3776 Dat
229 3719 351 3776 Venus?
389 3719 546 3793 ambiguos
565 3721 607 3775 sic
624 3719 677 3776 dat
697 3719 813 3776 Lucina
829 3719 971 3776 timores?

148 3804 224 3876 Quis
243 3804 326 3875 mihi,
346 3803 414 3878 quis
432 3811 490 3859 tete
509 3804 619 3876 rapuit,
640 3803 816 3860 dulcissima
834 3802 945 3877 Phylli,
1146 3801 1186 3859 60

148 3888 251 3963 Phylli
267 3906 350 3945 meae
368 3887 522 3962 quondam
539 3888 656 3962 requies
671 3905 797 3962 spesque
813 3888 904 3944 unica
920 3887 1008 3959 vitae,
