3012 4268
173 277 210 336 70
419 270 524 321 acm
541 268 706 320 srncarr
723 267 960 319 sannarum]

171 444 349 518 Virginibus
369 442 453 500 fama
472 451 514 499 est
533 442 675 499 abeuntes
694 459 767 498 saxa
785 441 911 510 carinas,

171 528 234 584 Aut
250 537 283 584 ut
301 526 425 583 terrifici
442 527 557 584 sonitus
574 527 733 600 ignemque
751 525 859 580 Vesevi

172 612 212 668 Et
231 611 381 668 desolatas
401 612 512 685 passim
532 609 684 667 defleverit
703 609 812 666 urbes?

214 695 368 752 Postremo
383 711 466 768 reges
481 711 642 769 regumque
657 712 693 749 ex
708 692 812 750 ordine
827 709 944 767 pugnas

173 780 348 848 Enumerat,
368 778 500 853 bellique
520 788 597 834 artes
617 787 645 834 et
665 778 799 851 praemia
817 785 929 833 narrat.

170 863 267 920 Addit
282 864 381 919 tristia
393 861 468 932 fata,
482 871 511 918 et
526 872 553 918 te
569 879 657 936 quem
672 860 754 936 luget
770 860 944 933 ademptum

173 946 265 1003 ltalia
282 945 393 1002 infelix
417 945 493 1020 (sive
510 945 541 1002 id
561 946 660 1020 gravis
678 946 723 1002 ira
739 944 872 1014 deorum,

171 1031 230 1088 Seu
248 1030 312 1088 fors
331 1030 408 1087 dura
426 1030 511 1104 tulit)
537 1039 619 1086 trans
636 1029 714 1086 altas
732 1029 830 1085 evehit
849 1027 953 1101 Alpes,

173 1115 248 1170 Mox
264 1115 327 1188 agit
345 1114 459 1171 Oceani
476 1132 569 1187 prope
585 1113 683 1183 litora,
699 1113 828 1187 denique
845 1113 922 1168 sistit

172 1199 368 1271 Spumantem
385 1197 423 1254 ad
441 1197 573 1271 Ligerim
590 1214 742 1270 parvaque
757 1195 887 1252 includit
903 1197 934 1250 in
950 1213 1035 1252 urna.

173 1283 244 1339 Heu
262 1291 371 1338 sortem
389 1280 599 1350 miserandam,
618 1281 678 1337 heu
694 1289 817 1354 pectora
833 1297 922 1336 caeca
940 1278 1053 1336 futuri!

173 1367 309 1422 Haecine
326 1375 355 1422 te
373 1365 484 1422 fessum
503 1365 593 1422 tellus
611 1374 744 1420 extrema
759 1364 899 1420 manebat

173 1450 325 1523 Hospitiis
344 1459 412 1523 post
431 1458 476 1505 tot
495 1458 649 1522 terraeque
668 1449 817 1521 marisque
836 1447 974 1503 labores?

173 1535 252 1590 Pone
268 1543 367 1589 tamen
384 1533 520 1607 gemitus,
535 1549 589 1587 nec
606 1541 633 1588 te
648 1540 844 1588 monumenta
858 1539 1016 1604 parentum

171 1617 234 1674 Aut
252 1626 392 1674 moveant
411 1625 531 1690 sperata
549 1617 608 1673 tuis
625 1617 679 1672 tibi
698 1615 808 1672 funera
825 1616 933 1689 regnis.

173 1700 269 1758 Grata
284 1702 367 1775 quies
382 1702 506 1774 patriae,
522 1700 573 1756 sed
588 1709 616 1756 et
630 1701 728 1756 omnis
743 1709 823 1755 terra
837 1698 1017 1772 sepulcrum.

88 1851 89 1858 ἵ
214 1785 302 1841 Haec
318 1785 370 1840 ille
387 1794 415 1841 et
431 1803 506 1859 quae
522 1785 574 1840 vix
590 1783 694 1840 audita
710 1783 861 1857 prioribus
876 1783 964 1839 annis

173 1869 310 1925 Heroum
328 1868 477 1942 longaeva
492 1877 581 1942 queat
597 1868 766 1923 meminisse
784 1875 916 1923 vetustas

174 1953 396 2010 Commemorat
421 1952 518 2026 (socio
536 1950 717 2025 respondent
736 1968 867 2025 aequora
884 1950 1007 2024 plausu)

174 2037 260 2093 Luna
277 2054 361 2093 suam
377 2036 473 2095 donec
490 2036 638 2110 paulatim
655 2033 783 2092 fundere
800 2035 897 2091 lucem

175 2120 283 2194 Coepit
300 2130 328 2177 et
346 2120 384 2177 ad
402 2122 512 2177 vitreas
530 2120 683 2177 redierunt
701 2120 826 2176 numina
843 2118 935 2177 sedes,
996 2127 1001 2138 '
