3012 4268
560 637 736 704 ECLOGA
757 647 781 716 I,
801 639 998 704 PHYL'LIS.

616 813 765 870 Licnias.
808 814 940 871 Micon.

707 979 847 1054 Lycidas.

301 1099 446 1169 Mirabar,
465 1099 573 1170 vicina,
594 1099 715 1173 Mycon,
733 1117 787 1172 per
804 1099 895 1155 litora
909 1116 1005 1172 nuper

260 1182 343 1240 Dum
359 1201 453 1257 vagor
468 1189 667 1258 exspectoque
684 1184 763 1240 leves
780 1183 819 1239 ad
835 1183 949 1257 pabula
964 1183 1103 1257 thynnoS,

259 1267 342 1339 Quid
358 1275 476 1324 tantum
490 1269 624 1324 insuetus
639 1275 784 1340 streperet
798 1267 874 1323 mihi
889 1284 996 1324 corvus
1011 1276 1039 1323 et
1054 1266 1131 1323 udae

260 1351 317 1407 Per
332 1352 474 1424 scopulos
491 1352 603 1425 passim
621 1351 735 1407 fulicae
752 1369 863 1426 perque
881 1359 970 1407 antra
986 1359 1122 1424 repostae

258 1434 540 1493 Tristiaflebilibus
556 1436 742 1508 complerent
759 1453 832 1492 saxa
849 1436 986 1510 querelis,

260 1519 338 1576 Cum
352 1520 419 1593 jam
433 1536 488 1576 nec
502 1537 611 1576 curvus
627 1520 754 1576 resiliret
770 1520 807 1576 ab
823 1537 951 1594 aequore
966 1520 1093 1593 delphin

259 1603 325 1660 Nec
342 1604 447 1660 solitos
463 1604 500 1660 de
515 1622 599 1661 more
615 1604 722 1661 choros
738 1604 894 1660 induceret
909 1604 1008 1661 undis

259 1687 338 1743 Ecce
353 1687 419 1743 dies
437 1687 541 1744 aderat
558 1705 659 1744 caram
676 1706 736 1762 qua
753 1688 897 1762 Phyllida
913 1697 1009 1744 terrae

258 1770 459 1828 Condidimus
481 1772 657 1846 tumuloque
678 1773 744 1846 pias
765 1771 940 1830 deflevimus
959 1772 1090 1842 umbras

256 1854 306 1910 Ah
324 1856 425 1911 miseri
435 1874 443 1928 ;
464 1864 493 1912 et
511 1856 638 1930 posthac
656 1874 711 1912 nec
729 1857 829 1912 tristes
846 1855 1011 1930 linquimus
1030 1873 1118 1913 auras
1261 1857 1316 1926 10,

259 1938 325 1995 Nec
341 1939 460 1996 dubitat
475 1957 581 1996 saevus
596 1941 706 1997 solatia
720 1939 800 1996 ferre
818 1939 972 2014 Pylemon.

713 2073 838 2146 Myron.

298 2189 420 2248 Scilicet
436 2190 468 2246 id
484 2190 585 2246 fuerat
602 2199 666 2247 tota
680 2191 762 2265 quod
777 2200 866 2248 nocte
881 2192 1006 2265 vaganti

257 2274 329 2331 Huc
345 2275 428 2345 illuc,
445 2275 518 2331 dum
534 2275 691 2348 Pausilypi
707 2275 787 2331 latus
802 2293 890 2332 omne
905 2293 1028 2348 pererro

257 2358 467 2433 Piscosamque
484 2359 551 2432 lego
570 2359 661 2414 celeri
678 2359 795 2416 Nesida
810 2359 944 2432 phaselo,

257 2442 368 2501 Nescio
384 2443 457 2517 quid
473 2443 591 2517 queruli
609 2452 760 2518 gemerent
775 2443 963 2500 lacrimabile
978 2445 1081 2518 mergi.
1104 2445 1107 2450 “

258 2527 375 2601 Phyllis
391 2526 429 2583 ad
445 2527 580 2597 inferias,
599 2527 716 2601 Phyllis
738 2527 779 2602 (si
794 2527 958 2602 credimus)
981 2529 1051 2585 illos

256 2610 307 2667 Ad
323 2612 476 2686 gemitum,
493 2630 510 2669 o
528 2610 651 2685 Lycida,
669 2611 837 2686 tumulique
853 2612 892 2668 ad
908 2630 993 2669 sacra
1007 2613 1142 2670 vocabat.

705 2744 843 2817 Lycidas.

299 2862 394 2932 Eheu,
414 2879 481 2918 care
502 2863 624 2936 Mycon,
643 2863 742 2937 qualis
759 2864 934 2936 spectacula
952 2881 1080 2937 pompae

261 2944 370 3019 (Nunc
386 2945 502 3020 recolo)
525 2963 599 3020 quas
616 2948 679 3020 ipse
696 2964 801 3003 manus
818 2964 931 3022 quaeve
948 2965 1002 3004 ora
1016 2949 1120 3004 notavi

256 3029 317 3086 His
335 3031 430 3087 oculis
440 3049 448 3103 3
469 3030 524 3101 his,
544 3032 677 3104 inquam,
698 3032 794 3088 oculis
810 3050 886 3105 quae
905 3031 1016 3088 funera
1033 3032 1096 3088 vidi
1256 3035 1293 3087 20

257 3113 373 3170 Infelix
383 3133 391 3187 3
412 3132 466 3170 nec
485 3134 532 3171 me
552 3115 674 3172 tandem
693 3116 780 3172 dolor
798 3116 952 3189 improbus
972 3117 1033 3190 egit
1087 3163 1088 3167 ,

257 3199 294 3253 ln
311 3199 459 3271 scopuloS,
478 3200 509 3253 in
527 3216 608 3269 saxa,
625 3217 736 3274 rogove
754 3199 920 3272 absumpsit
938 3199 1043 3256 eodem

258 3283 353 3357 ignea
368 3284 420 3353 vis,
439 3283 487 3339 vel
504 3282 611 3339 saltem
627 3284 736 3357 aliquis
753 3283 826 3339 deus
843 3301 971 3357 aequore
986 3284 1098 3340 mersit.

709 3417 834 3490 Myron.

297 3535 324 3592 Ο
342 3535 465 3608 Lycida,
482 3535 605 3609 Lycida,
621 3553 721 3592 nonne
736 3535 793 3592 hoc
809 3534 929 3591 felicius
945 3535 993 3590 illi

256 3619 400 3676 Evenisse
418 3627 506 3692 putas
524 3637 615 3693 quam
632 3621 657 3675 si
674 3619 795 3676 fumosa
814 3619 943 3693 Lycotae

256 3703 355 3760 Antra
373 3704 422 3760 vel
442 3703 550 3759 hirsuti
571 3712 698 3777 tegetem
717 3703 854 3772 subiisset
874 3704 1033 3778 Amyntae,

1165 3795 1196 3848 57
