3012 4268
561 257 607 306 IN
610 259 764 308 TRODUC
766 260 857 310 TION

549 446 652 488 THEIR
668 445 870 490 POPULARITY

232 547 269 602 In
289 564 308 603 a
325 545 468 622 dialogue
486 547 536 604 the
555 547 713 622 professed
732 550 803 606 date
821 549 855 608 of
875 549 975 608 which
993 552 1019 607 is
1038 550 1129 609 about
1153 551 1227 611 1515

190 628 287 687 Lilius
315 629 480 705 Gregorius
508 630 661 705 Gyraldus
686 633 802 690 writes:
830 633 955 692 “Actius
981 634 1129 710 Syncerus
1155 635 1230 693 San-

188 715 336 784 nazarius‚
360 715 444 774 cuius
466 715 580 790 ingenii
602 717 752 791 exquisita
772 717 921 792 quaedam
942 726 1137 776 monumenta
1159 720 1229 794 legi,

189 806 218 855 et
238 798 270 853 in
290 799 396 872 primis
419 799 600 857 Piscatorias
622 798 824 874 Eclogas”.²1
869 800 941 858 And
964 802 1056 860 about
1077 802 1129 860 the
1150 819 1229 860 same

189 883 261 938 time
277 881 430 940 Lodovico
446 882 568 941 Ariosto
587 883 677 940 could
694 901 754 958 say,
774 884 810 943 O.
829 884 864 941 F.
883 885 955 942 xlvi.
977 884 1029 943 17:

430 1105 432 1108 Ι
455 1047 508 1102 Ma,
523 1063 548 1095 se
563 1063 602 1095 me
618 1064 649 1096 ne
666 1049 710 1096 fur
725 1049 780 1097 dati
795 1049 849 1097 veri
864 1050 946 1109 segni,

454 1109 571 1163 El’uom
589 1115 635 1163 che
653 1116 680 1164 di
698 1116 776 1164 veder
793 1124 865 1165 tanto
884 1113 963 1173 desio,

454 1181 548 1230 Iacobo
566 1182 688 1240 Sanazar,
705 1183 744 1231 ch'
762 1183 810 1232 alle
828 1184 939 1233 Camene

456 1249 561 1296 Lasciar
580 1250 610 1298 ia
626 1250 635 1298 i
653 1251 734 1298 monti
752 1258 776 1298 et
794 1250 878 1299 abitar
894 1251 997 1299 l’arene.

188 1401 381 1476 Apparently
400 1403 517 1460 neither
538 1403 659 1461 Ariosto
681 1422 737 1461 nor
760 1403 915 1478 Gyraldus
934 1413 982 1478 yet
1002 1405 1088 1462 knew
1110 1405 1160 1462 the
1180 1406 1230 1462 De

189 1486 286 1542 Portu
317 1485 458 1560 Virginis,
487 1487 586 1544 which
614 1505 674 1544 was
704 1487 769 1545 first
798 1488 928 1562 printed,
958 1488 1050 1563 along
1078 1488 1153 1545 with
1180 1488 1230 1544 the

191 1569 351 1644 EclogueS,
367 1571 398 1625 in
418 1570 503 1629 1526.
548 1569 594 1645 By
614 1570 689 1628 1528
709 1572 852 1629 Erasmus
869 1572 959 1629 could
976 1571 1067 1646 speak
1084 1573 1116 1628 in
1132 1572 1230 1646 praise

189 1652 223 1710 of
248 1652 323 1710 both
348 1653 462 1711 works:
491 1654 574 1710 “nec
600 1656 663 1713 sine
688 1673 779 1712 causa
804 1663 960 1728 tantopere
986 1655 1111 1730 placuit.
1155 1655 1230 1712 mihi

189 1746 269 1793 certe
283 1755 396 1812 magna
412 1754 479 1794 cum
496 1739 588 1795 animi
604 1737 763 1811 voluptate
777 1739 944 1814 perlectum
962 1748 1005 1796 est
1023 1757 1099 1814 opus
1114 1747 1228 1796 utrum·

189 1838 255 1895 que.
299 1829 417 1878 namet
436 1821 568 1896 Eclogas
587 1822 707 1894 scripsit
726 1823 904 1896 piscatorias
916 1821 971 1878 ’'.²²

233 1904 347 1961 Paulus
359 1904 465 1978 Jovius
478 1913 570 1961 states
581 1905 647 1962 that
660 1905 712 1962 the
726 1905 876 1980 Eclogues
889 1924 966 1963 were
980 1907 1029 1962 the
1042 1915 1120 1963 most
1134 1924 1229 1981 popu-

189 1987 236 2045 lar
249 1986 284 2045 of
299 1987 341 2044 all
357 1988 555 2046 Sannazaro’s
570 2005 689 2062 poems:
706 1989 722 2013 “
736 1990 821 2064 gravi
836 1997 935 2047 autem
950 1999 978 2046 et
993 2007 1080 2048 sacro
1093 1997 1230 2065 poemate

191 2071 239 2128 De
256 2072 349 2129 Partu
365 2072 509 2147 Virginis
526 2074 636 2147 viginti
651 2090 799 2130 annorum
814 2073 889 2129 lima
903 2073 1064 2147 perpolito,
1082 2091 1230 2132 summum

189 2154 280 2214 decus
296 2154 412 2212 frustra
426 2165 613 2230 exspectasse
627 2155 722 2212 videri
737 2157 852 2230 potuit:
869 2174 937 2213 curn
952 2156 1024 2213 illae
1038 2174 1116 2231 quae
1130 2157 1230 2213 iuveni

189 2238 364 2297 exciderant
382 2239 565 2296 Piscatoriae
584 2239 717 2314 Eclogae
734 2239 857 2313 publico
875 2247 1016 2313 exceptae
1034 2239 1143 2313 plausu
1161 2239 1234 2295 reli?

190 2340 317 2398 quorum
332 2341 457 2396 operum
473 2322 588 2379 famam
603 2323 822 2396 oppresserint:
839 2324 881 2379 ita
895 2332 928 2379 ut
943 2340 1008 2379 eam
1023 2322 1139 2396 publici
1154 2330 1229 2379 tam-

189 2425 280 2482 quam
297 2407 393 2481 iniqui
411 2405 516 2463 iudicii
534 2406 687 2480 querelam
705 2415 812 2481 aperto
827 2424 895 2463 curn
913 2405 1037 2480 pudore,
1056 2422 1111 2462 nec
1129 2413 1230 2462 tamen

190 2491 253 2547 sine
286 2491 380 2546 tacita
411 2489 568 2564 voluptate
603 2489 760 2547 devoraret
773 2488 829 2546 ”.²³
885 2489 986 2545 There
1019 2506 1070 2545 are
1104 2488 1229 2561 compli-

189 2582 326 2647 mentary
348 2572 493 2631 allusions
516 2582 545 2630 to
570 2573 651 2630 thern
673 2575 704 2629 in
727 2574 841 2630 several
865 2581 1095 2647 contemporary
1117 2589 1228 2647 poems‚

190 2657 250 2714 and
275 2657 345 2730 they
368 2656 429 2713 had
454 2675 472 2713 a
497 2659 610 2713 certain
634 2675 733 2731 vogue
757 2656 807 2714 ior
831 2674 922 2730 many
945 2674 1030 2730 years
1054 2658 1085 2712 in
1109 2656 1229 2713 various

190 2741 349 2798 countries¹

232 2824 439 2898 Hieronymus
462 2825 572 2894 Carbo,
596 2825 627 2880 in
650 2843 667 2881 a
690 2841 777 2898 poem
802 2822 963 2880 aridress'ed
987 2831 1017 2881 to
1041 2823 1230 2898 Augustinus

192 2908 323 2982 Niphus,
344 2909 459 2965 writes:

356 3106 395 3138 me
413 3091 483 3150 rapis
499 3090 631 3138 interdum
648 3089 771 3157 recinens,
790 3090 908 3148 Syncere,
927 3089 974 3137 sub
992 3089 1084 3137 umbra

389 3158 499 3216 mystica
518 3157 638 3216 Virginei
659 3173 733 3204 sacra
752 3157 891 3216 puerperii,

356 3231 380 3272 et
396 3241 473 3284 pecus
488 3231 513 3272 et
528 3223 622 3283 sylvas
637 3224 731 3283 piscosi
748 3231 772 3272 et
786 3224 895 3272 numina
909 3226 990 3284 ponti,

389 3299 414 3340 et
429 3308 494 3351 quae
510 3291 642 3339 littoribus
659 3292 711 3340 fert
728 3292 850 3340 Sinuessa
866 3292 934 3348 suis;
947 3290 974 3322 ²4

225 3441 306 3492 ²1De
317 3444 401 3504 poetis
414 3450 562 3492 nostrorum
576 3451 729 3504 temporum,
742 3443 780 3491 ed.
796 3443 828 3490 K.
842 3442 944 3498 Wotke,
958 3441 1054 3498 Berlin,
1071 3442 1140 3501 1894,
1153 3457 1177 3500 p.
1194 3454 1230 3499 14.

220 3525 253 3639 122
264 3524 459 3583 Ciceronianus,
473 3525 501 3573 in
517 3525 559 3573 the
576 3525 679 3585 Leyden
694 3525 733 3574 ed.
749 3526 779 3574 of
792 3526 833 3574 his
850 3527 936 3586 Opera
950 3526 1045 3581 omnia,
1063 3535 1132 3584 1703,
1147 3523 1198 3572 vol.
1212 3523 1230 3579 i,

190 3608 219 3640 CO
232 3629 237 3640 .
257 3605 326 3640 1020.

224 3675 253 3708 ²⁸
265 3675 314 3735 Op.
333 3675 384 3731 cit,
403 3691 427 3736 p.
449 3685 502 3736 150.

222 3757 248 3790 ²⁴
259 3759 361 3818 Quoted
378 3758 412 3818 by
432 3759 524 3808 Petrus
542 3759 717 3820 Viamingius,
735 3761 762 3808 in
780 3760 821 3808 his
841 3761 921 3808 Notes
940 3775 973 3809 on
993 3761 1149 3815 Sannazaro,
1167 3759 1228 3806 Am·

190 3826 303 3874 sterdam
320 3826 458 3884 ed.‚,1728,
476 3843 501 3886 p.
519 3837 573 3886 599.
