3012 4268
418 287 564 336 ECLOGA
588 288 618 346 V,
635 285 827 336 HERPYLIS
844 285 1173 339 PHARMACEUTRIA
1281 291 1317 350 73

281 458 421 515 Forsitan
436 459 486 515 hic
502 468 620 516 nostros
636 458 753 516 sedabit
769 460 899 534 pectoris
917 469 1023 517 aestus.

280 543 381 600 Sistite
397 543 602 617 praecipitem,
619 543 684 617 jam
701 544 804 614 sistite,
821 543 901 614 licia,
919 544 1078 601 rhombum
1091 543 1108 600 '.

321 626 479 685 Hactenus
497 627 567 700 ille3
586 627 659 702 quid
677 628 747 684 hinc
765 628 957 701 subjunxerit
975 628 1080 687 ordine
1098 628 1241 703 Thelgon

279 710 410 784 Accipe3
429 729 489 768 non
506 729 607 768 omnes
624 729 702 768 unus
718 711 806 770 dolor
822 712 907 786 angit
924 722 1066 780 amantes.

724 845 873 918 Thelgon.

321 961 409 1034 Rupe
428 961 483 1017 sub
502 960 559 1016 hac
577 978 694 1017 mecum
714 960 791 1017 sedit
811 961 958 1034 Galatea;
979 960 1119 1017 videbam

280 1044 322 1100 Et
342 1044 475 1118 Capreas
494 1053 522 1100 et
542 1062 618 1119 quae
639 1044 778 1102 Sirenum
797 1045 922 1102 nomina
939 1054 1059 1101 servant

280 1129 366 1185 Rura
383 1128 508 1202 procul;
529 1137 643 1185 veteres
662 1128 723 1185 alia
739 1129 778 1184 de
798 1138 883 1202 parte
901 1129 1004 1186 ruinas

280 1212 424 1269 Herculis
443 1212 582 1269 ambusta
599 1213 738 1287 signabat
757 1212 794 1269 ab
814 1230 882 1269 arce
900 1214 1040 1269 Vesevus

280 1296 393 1371 Exsere
413 1297 574 1366 caeruleos,
594 1297 714 1367 Triton,
733 1296 771 1353 de
791 1298 910 1371 gurgite
929 1296 1039 1355 vultus.
1279 1299 1319 1353 80

322 1381 391 1454 lpse
406 1398 495 1451 meas,
512 1382 632 1450 Triton,
651 1380 753 1438 Nereo
767 1379 886 1436 deferre
903 1380 1048 1454 querelas,

281 1465 351 1537 lpse
369 1473 454 1538 potes
473 1482 566 1521 curva
583 1482 726 1522 resonans
745 1483 834 1538 super
854 1482 985 1540 aequora
1003 1465 1119 1521 concha

281 1548 321 1604 Et
339 1548 471 1622 scopulis
489 1567 612 1605 narrare
630 1558 659 1605 et
676 1547 845 1623 fluctivagis
863 1548 1020 1605 ballaenis.

281 1632 393 1688 Exsere
412 1632 572 1703 caeruleos,
593 1633 703 1690 Triton
721 1641 816 1707 pater,
835 1650 936 1690 exsere
953 1633 1063 1690 vultus

321 1716 384 1772 Hic
399 1717 512 1790 primos
527 1717 601 1772 mihi
617 1733 794 1790 congressus
808 1716 893 1774 dedit
907 1717 964 1774 illa
976 1717 1106 1791 roganti,

281 1800 343 1855 Hic
359 1801 478 1857 niveam
494 1799 630 1858 formosa
644 1818 767 1857 manum
785 1802 920 1874 porrexit
937 1811 966 1858 et
988 1801 1087 1876 (eheu,

281 1883 364 1955 Quid
379 1883 514 1958 recolo?)
538 1885 645 1942 tacitos
660 1886 692 1941 in
706 1904 753 1942 me
769 1884 876 1942 defixit
892 1885 1012 1943 ocellos.

282 1968 393 2024 Exsere
413 1968 573 2038 caeruleos,
594 1969 713 2039 Triton,
734 1969 771 2026 de
791 1970 911 2044 gurgite
929 1969 1039 2026 vultus

322 2052 395 2108 Huc
412 2051 491 2123 ades,
510 2071 527 2109 o
544 2069 611 2109 mea
628 2069 709 2124 cura,
727 2052 810 2128 quid,
829 2072 846 2111 o
862 2053 936 2128 quid
953 2053 1036 2110 lenta
1053 2054 1200 2110 moraris?

282 2136 351 2208 lpse
370 2153 424 2211 ego
444 2144 472 2192 te
491 2145 615 2210 propter
631 2137 728 2193 socios
747 2137 942 2212 cymbamque
962 2137 1079 2203 reliqui.
1280 2139 1319 2194 90

281 2219 393 2276 Exsere
411 2220 573 2291 caeruleos
592 2222 704 2278 Triton
720 2230 815 2295 pater,
835 2239 935 2278 exsere
953 2222 1063 2278 vultus

322 2303 385 2361 Hic
403 2305 458 2362 tibi
475 2313 631 2362 consuetas
649 2304 811 2363 formosior
829 2305 961 2378 explicat
979 2305 1100 2362 umbras

282 2388 434 2462 Populus,
452 2389 619 2462 amplector
633 2406 721 2463 saepe
736 2389 815 2445 hanc
829 2398 918 2463 atque
934 2389 1037 2446 oscula
1052 2388 1113 2464 figo

281 2471 461 2543 Corticibus,
479 2490 567 2547 saepe
584 2473 651 2547 ipsa
665 2472 777 2547 pedum
793 2473 921 2547 vestigia
937 2490 1047 2548 quaero

282 2556 330 2626 Et,
348 2557 373 2612 si
389 2556 462 2631 quid
478 2556 617 2614 manibus
633 2558 768 2632 tetigisti,
786 2556 908 2614 floribus
923 2574 1006 2615 orno.
1024 2577 1026 2582 ·

282 2640 394 2697 Exsere
411 2641 572 2711 caeruleos,
589 2641 709 2711 Triton,
728 2640 764 2697 de
783 2641 901 2715 gurgite
916 2641 1027 2698 vultus,

322 2724 421 2795 Quem
437 2725 512 2781 mihi
529 2742 610 2781 nunc
627 2724 784 2799 praefers?
824 2725 856 2783 Si
872 2734 901 2782 te
918 2725 996 2800 juga
1013 2725 1151 2796 frondea,
1171 2727 1196 2782 si
1213 2734 1242 2782 te

280 2807 400 2865 Arbuta
417 2817 631 2883 poscentesque
648 2809 759 2883 juvant
777 2826 830 2883 per
848 2827 921 2866 rura
939 2809 1082 2883 capellae,

282 2890 347 2948 Nos
364 2909 482 2966 quoque
499 2909 560 2949 non
577 2892 705 2966 graciles
721 2910 801 2949 nunc
819 2894 950 2967 primum
967 2894 1095 2967 jungere
1113 2911 1222 2951 avenas

282 2975 452 3049 Discimus3
474 2977 582 3033 incisas
603 2977 730 3050 implent
750 2995 818 3034 mea
835 2979 969 3034 carmina
989 2976 1077 3052 fagos
1264 2979 1320 3034 100

282 3059 322 3116 Et
338 3077 406 3116 mea
424 3060 586 3117 Maenaliis
603 3061 714 3134 pendet
731 3062 796 3135 jam
814 3060 919 3118 fistula
935 3061 1028 3118 silvis.

282 3143 394 3199 Exsere
413 3144 573 3214 caeruleos,
593 3145 704 3203 Triton
722 3152 816 3218 pater,
835 3163 936 3201 exsere
954 3145 1065 3202 vultus

321 3227 374 3284 Sin
391 3229 488 3303 magis
505 3228 640 3285 arrident
655 3230 729 3286 haec
744 3230 843 3299 litora,
862 3230 909 3285 sin
923 3230 1021 3304 magis
1037 3230 1093 3286 alti

283 3311 415 3368 Divitiae
432 3312 544 3386 pelagi,
563 3328 683 3386 sparsos
700 3314 767 3387 quis
785 3330 891 3387 cogere
908 3314 1004 3388 pisces

282 3395 408 3452 Doctior
426 3405 478 3453 aut
495 3395 628 3470 rigidum
645 3396 754 3453 dextra
769 3397 887 3472 jactare
905 3397 1086 3454 tridentem?

282 3480 395 3536 Exsere
411 3481 572 3550 caeruleos
590 3482 711 3550 Triton,
728 3480 765 3537 de
784 3482 903 3556 gurgite
920 3481 1031 3538 vultus.

323 3563 395 3620 Non
412 3582 467 3640 ego
484 3564 646 3639 delphinis
664 3574 692 3622 te
708 3565 821 3640 judice,
838 3583 898 3623 non
916 3584 973 3640 ego
989 3566 1111 3639 thynnis

280 3649 419 3722 Aequore
436 3649 485 3706 vel
501 3649 603 3707 medio
619 3649 754 3707 dubitem
772 3659 886 3706 certare
901 3649 1044 3706 natando

282 3732 364 3803 Quid
379 3733 434 3789 tibi
449 3751 496 3790 me
511 3734 633 3808 jactem,
649 3734 697 3791 cui
712 3735 764 3790 vix
777 3750 936 3790 numerare
949 3733 997 3790 vel
1012 3733 1116 3790 hamos

282 3815 373 3873 Nunc
393 3828 480 3875 vacat
500 3827 551 3875 aut
570 3827 661 3875 restes
678 3826 862 3892 onerataque
880 3819 957 3875 retia
974 3817 1099 3892 plumbo
1264 3819 1321 3873 110
