3012 4268
198 239 235 296 62
447 235 553 285 ACTII
568 234 736 284 SYNCERI
751 234 989 285 SANNAZARII

199 405 283 478 Quid
301 405 439 481 refugis?
477 405 642 481 Tingenda
658 405 713 463 tibi
731 406 797 478 jam
811 405 885 463 lana
900 415 1026 480 paratur

199 490 270 562 Qua
287 491 383 547 niteas
404 508 584 565 superesque
603 489 687 560 alias,
710 489 848 559 Galatea,
869 490 996 565 puellas,
1200 493 1240 548 40

198 574 285 632 Lana
302 575 393 632 maris
414 576 527 648 spumis
546 593 622 649 quae
641 574 772 632 mollior.
814 575 907 632 Hanc
925 575 1000 631 mihi
1019 580 1122 649 pastor

201 660 270 732 Ipse
286 659 359 717 olim
375 659 468 728 dedit,
485 659 564 716 hanc
578 667 681 732 pastor
698 659 871 729 Melisaeus,
888 659 925 716 ab
941 659 1006 716 alta

200 743 278 801 Cum
293 761 340 800 me
357 743 437 801 forte
453 761 543 800 senex
559 743 691 801 audisset
705 761 781 817 rupe
797 752 962 813 canentem,

199 831 239 888 Et
256 831 343 900 dixit,
361 829 378 856 “
392 830 479 900 Puer,
497 831 554 887 ista
570 839 639 887 tuae
656 830 715 887 sint
732 831 867 904 praemia
884 830 1001 899 Musae,

200 911 455 988 Quandoquidem
471 921 575 969 nostra
590 913 724 969 cecinisti
739 913 854 986 primus
869 913 901 968 in
917 920 984 969 acta
997 912 1024 968 ”.

201 997 249 1052 Ex
266 996 321 1054 illo
338 997 370 1052 in
387 996 516 1053 calathis
531 997 656 1066 servavi,
674 1005 707 1053 ut
723 997 844 1053 mittere
859 1013 985 1070 possem.

139 1134 142 1140 .
200 1080 259 1138 Sed
275 1088 307 1137 tu
330 1079 383 1154 (ne
397 1099 457 1155 qua
471 1080 546 1137 mihi
559 1089 680 1154 superet
696 1098 772 1154 speS,
788 1099 825 1137 ne
840 1099 901 1156 qua
915 1079 1013 1138 futuri

201 1164 358 1233 Condicio,
379 1164 523 1238 Galatea)
547 1182 670 1222 manum
687 1165 764 1221 mihi
782 1164 859 1222 dura
876 1165 1002 1238 negasti.

199 1249 271 1307 Hoc
286 1258 338 1319 est,
352 1249 418 1319 hoc,
434 1250 577 1306 miserum
591 1249 671 1323 quod
687 1248 829 1317 perdidit.
866 1249 913 1306 Ite
930 1249 1088 1319 Camenae,

201 1334 247 1390 Ite
264 1333 371 1406 procul
382 1352 390 1406 ;
410 1333 522 1407 sprevit
538 1342 656 1391 nostras
676 1331 806 1390 Galatea
821 1333 966 1408 querelas.
1201 1332 1239 1392 50

199 1417 321 1475 Scilicet
343 1417 485 1492 (exiguae
499 1417 604 1475 videor
616 1417 697 1492 quod
711 1418 816 1474 navita
829 1417 960 1491 cymbae,

200 1502 351 1577 Quodque
366 1503 446 1559 leves
462 1503 567 1559 hamos
585 1502 758 1577 nodosaque
775 1504 852 1559 retia
867 1503 979 1570 tracto)

201 1587 348 1660 Despicis.
386 1587 435 1643 An
451 1587 552 1660 patrio
565 1605 628 1643 non
642 1587 700 1644 hoc
715 1605 833 1661 quoque
848 1586 937 1644 litore
954 1586 1088 1644 Glaucus

201 1671 334 1741 Fecerat,
356 1689 519 1745 aequoreae
542 1670 677 1728 Glaucus
698 1677 846 1728 scrutator
866 1671 1017 1727 harenae?

201 1755 242 1812 Et
257 1773 338 1812 nunc
354 1755 406 1811 ille
423 1754 544 1829 quidem
561 1754 745 1812 tumidarum
761 1773 873 1812 numen
888 1773 1042 1829 aquarum.

200 1839 259 1896 Sed
276 1858 332 1896 nec
354 1838 445 1912 (quae
462 1840 588 1896 nimium
606 1839 654 1895 vel
670 1858 718 1896 me
736 1840 777 1895 sic
795 1838 876 1896 falsa
893 1838 1021 1913 fatigat)

202 1924 320 1981 Fabula
335 1932 366 1981 te
380 1932 499 1981 moveat
516 1923 628 1994 Lydae,
644 1923 716 1980 licet
732 1921 788 1980 illa
803 1923 913 1996 puellis

199 2008 300 2079 Jactet
314 2009 416 2065 nescio
430 2025 504 2082 quas
518 2008 592 2064 mihi
607 2023 638 2064 se
650 2007 767 2064 misisse
781 2007 929 2079 corollas3

201 2091 274 2149 Non
289 2111 337 2149 me
354 2091 440 2166 Lyda
456 2101 564 2158 tamen,
581 2109 643 2149 non
658 2091 789 2165 impulit,
808 2110 938 2162 aequora
954 2100 1046 2148 testor

201 2175 410 2251 Nereidasque
426 2194 536 2234 omnes.
576 2176 608 2234 Si
625 2175 713 2246 fallo,
731 2174 901 2251 naufragus
918 2175 987 2233 illas
1201 2176 1239 2232 60

201 2261 352 2334 Experiar
370 2261 523 2329 salsosque
539 2260 641 2318 bibam
659 2261 714 2318 sub
732 2261 851 2335 gurgite
868 2260 984 2318 fluctus.

201 2345 272 2402 Heu
289 2345 362 2420 quid
379 2346 488 2420 agam?
525 2345 674 2402 Externas
691 2354 774 2402 trans
790 2351 917 2419 pontum
932 2363 1075 2420 quaerere
1090 2353 1184 2401 terras

200 2428 270 2498 ‚lam
289 2429 407 2503 pridem
427 2439 471 2486 est
491 2430 617 2492 animus
638 2448 697 2504 quo
716 2447 883 2503 numquam
899 2431 1014 2500 navita,
1034 2446 1198 2504 numquam

201 2512 338 2571 Piscator
353 2514 473 2585 veniat;
491 2513 556 2571 fors
572 2513 637 2570 illic
652 2522 757 2571 nostra
771 2514 874 2571 licebit

201 2595 279 2655 Fata
295 2599 388 2673 queri.
427 2597 542 2656 Boreae
558 2606 690 2656 extremo
706 2597 851 2655 damnata
866 2597 920 2655 sub
937 2615 991 2655 axe

198 2679 317 2752 Stagna
332 2691 434 2756 petam
450 2690 479 2739 et
495 2681 602 2756 rigidis
619 2700 784 2757 numquam
799 2700 861 2740 non
878 2699 955 2738 cana
969 2682 1086 2755 pruinis

195 2763 250 2820 An
268 2765 382 2840 Libyae
399 2765 521 2839 rapidas
539 2767 703 2841 Austrique
721 2766 850 2839 tepentis
867 2766 1004 2836 harenas,

195 2845 240 2904 Et
262 2849 383 2908 videam
401 2851 504 2922 nigros
525 2851 655 2923 populos
673 2849 835 2925 Solemque
855 2851 1079 2924 propinquum?

192 2929 285 2990 Ouid
302 2934 411 3010 loquor
428 2933 559 2991 infelix?
602 2953 641 2992 an
657 2953 718 2992 non
734 2952 788 3009 per
804 2952 885 3004 saxa,
902 2952 956 3008 per
972 2935 1065 3008 ignes,

126 3014 128 3018 ’
190 3013 269 3076 Ouo
289 3037 338 3075 me
356 3037 483 3085 cumque
501 3018 592 3092 pedes
610 3018 729 3086 ducent,
749 3035 833 3076 mens
853 3037 944 3091 aegra
961 3019 1121 3094 sequetur?
1204 3018 1241 3077 70

187 3095 348 3160 Vitantur
362 3104 453 3172 venti,
471 3103 593 3177 pluviae
609 3104 745 3161 vitantur
760 3111 788 3160 et
805 3111 912 3172 aestus,

185 3177 272 3239 Non
291 3187 406 3244 vitatur
423 3206 524 3251 amor:
542 3205 660 3244 mecum
677 3187 843 3244 tumuletur
859 3195 986 3251 oportet.

180 3260 267 3326 tam
285 3288 359 3330 saxo
373 3290 468 3329 meme
484 3291 520 3329 ex
536 3271 592 3330 illo
605 3270 762 3329 demittere
777 3272 807 3328 in
823 3271 920 3328 undas

181 3343 403 3428 Praecipitem
424 3356 507 3424 iubet
525 3357 588 3424 ipse
605 3355 700 3413 furor.
740 3356 803 3412 Vos
822 3374 841 3413 o
855 3355 930 3412 mihi
949 3353 1120 3428 Nymphae,

178 3427 260 3490 Vos
281 3441 376 3497 maris
394 3440 537 3498 undisoni
558 3439 729 3514 Nymphae,
750 3444 900 3512 praestate
921 3437 1040 3496 cadenti

179 3509 272 3575 Non
292 3522 386 3583 duros
404 3525 503 3582 obitus
521 3541 682 3599 saevasque
700 3523 883 3595 exstinguite
900 3522 1042 3579 flammas.

176 3591 324 3664 Scilicet
341 3609 416 3666 haec
432 3609 514 3678 olim,
530 3609 655 3666 veniens
670 3626 722 3665 seu
737 3607 826 3664 litore
843 3624 936 3665 curvo

176 3679 338 3768 Cajetae,
357 3716 407 3762 seu
425 3696 590 3762 Cumarum
605 3695 765 3759 navalibus
782 3694 861 3766 altis,
