3012 4268
650 255 796 304 ECLOGA
817 255 840 302 I.
859 257 951 316 94·128
1284 255 1319 314 79

313 424 395 483 94-96.
415 424 461 483 Cp.
480 423 577 472 Tibull.
596 424 612 470 i.
632 436 655 483 3,
673 423 747 471 61-62
771 423 815 482 (61
833 423 875 471 the
895 422 987 482 Campi
1007 422 1117 482 Elysii),
1136 423 1206 470 ‘fert
1223 422 1320 471 casiam

280 506 331 538 non
352 491 422 539 culta
445 506 525 550 seges,
547 498 663 550 totosque
686 507 732 550 per
754 506 831 550 agros
856 485 859 552 Ι
885 490 959 538 floret
980 490 1095 538 odoratis
1118 497 1187 538 terra
1207 489 1321 548 benigna

280 559 378 615 rosis'3
399 559 473 617 Virg.
492 559 558 607 Aen.
579 558 612 605 xi.
632 557 671 614 68,
691 558 826 617 ‘virgineo
846 558 990 605 demessum
1010 557 1102 617 pollice
1121 557 1242 613 florem';
1263 559 1320 605 Ecl.
1394 559 1397 566 '

280 629 306 676 ii.
322 640 362 689 47,
378 628 520 688 ‘pallentes
535 627 618 676 violas
628 628 633 652 ’
643 619 745 685 ;‘0vid,
759 628 789 675 F.
805 643 829 675 v.
845 636 900 687 255,
916 627 1049 686 ‘decerpsi
1064 625 1157 687 pollice
1173 625 1262 674 florem
1271 625 1286 672 '.

314 704 352 752 97.
372 692 418 752 Cp.
445 693 519 751 Virg.
544 693 602 740 Ecl.
628 709 651 740 v.
676 692 715 751 65,
741 692 792 739 ‘sis
816 692 899 740 bonus
924 709 939 740 6
965 691 1079 751 felixque
1105 691 1188 748 tuis';
1217 691 1320 742 Milton.

280 760 402 819 Lycidas,
427 760 479 820 183,
502 759 683 808 ‘Henceforth
706 760 767 807 thou
790 775 831 807 are
854 760 895 807 the
918 759 1017 808 Genius
1037 759 1067 807 61
1088 759 1129 806 the
1151 759 1234 813 shore,
1258 753 1262 818 Ι
1288 759 1319 804 In

282 827 326 886 thy
341 827 414 886 large
430 842 602 886 recompense‚
619 828 670 875 and
686 825 754 874 shalt
770 827 800 874 be
817 827 884 886 good
903 821 906 886 Ι
925 827 964 874 To
979 825 1013 874 all
1030 827 1085 874 that
1100 826 1205 874 wander
1221 826 1248 872 in
1265 826 1320 873 that

281 894 395 953 perilous
413 893 482 942 flood
492 895 506 942 '.

313 975 412 1020 99-166.
432 962 506 1020 Virg.
525 961 582 1011 Ecl.
603 978 626 1008 v.
648 972 685 1020 79,
705 961 750 1009 ‘ut
771 961 871 1009 Baccho
892 961 1039 1020 Cererique,
1059 961 1105 1009 tibi
1125 962 1161 1008 sic
1180 967 1240 1008 vota
1260 976 1320 1019 quo-

281 1029 366 1076 tannis
383 1023 386 1090 Ι
404 1029 533 1088 agricolae
549 1029 645 1076 facient
656 1029 670 1076 '.

316 1105 428 1154 161-165.
449 1096 494 1154 Cp.
518 1096 592 1155 Virg.
616 1095 672 1144 Ecl.
695 1113 718 1143 v.
741 1108 824 1155 42-44,
849 1095 889 1142 ‘et
913 1094 1040 1143 tumulum
1066 1095 1151 1149 facite,
1173 1102 1198 1142 et
1221 1094 1320 1142 tumulo

281 1179 358 1222 super
375 1163 462 1210 addite
479 1179 597 1210 carmen:
617 1158 620 1224 Ι
641 1163 787 1221 “Daphnis
803 1179 851 1221 ego
868 1162 895 1209 in
912 1163 993 1218 silvis,
1010 1163 1070 1209 hinc
1088 1179 1168 1221 usque
1186 1163 1219 1210 ad
1236 1162 1321 1210 sidera

280 1237 365 1285 notus
387 1225 391 1290 Ι
414 1230 523 1278 formosi
542 1231 642 1289 pecoris
661 1238 755 1285 custos,
775 1231 916 1277 formosior
934 1231 989 1289 ipse
999 1230 1013 1254 ’'
1024 1230 1038 1276 '.

317 1307 428 1356 164-165.
449 1297 515 1344 Plin.
539 1297 575 1344 N.
599 1299 636 1346 H.
660 1298 696 1344 iii.
721 1298 760 1352 62,
784 1297 927 1356 ‘Neapolis
946 1333 951 1344 .
970 1333 976 1344 .
996 1297 1158 1356 Parthenope
1182 1314 1197 1344 a
1222 1296 1321 1345 tumulo

282 1364 379 1412 Sirenis
397 1364 558 1424 appellata’;
579 1364 641 1412 Stat.
657 1365 722 1412 Silv.
740 1365 756 1411 i.
773 1378 797 1424 3,
813 1365 869 1420 260,
886 1365 928 1412 ‘at
946 1372 968 1413 te
985 1371 1132 1412 nascentem
1150 1366 1248 1424 gremio
1265 1379 1322 1411 mea

281 1433 366 1490 prima
382 1432 477 1490 recepit
497 1428 500 1493 Ι
520 1432 690 1490 Parthenope,
708 1432 842 1490 dulcisque
859 1431 913 1479 solo
930 1439 957 1479 tu
975 1431 1059 1490 gloria
1076 1438 1164 1479 nostro
1183 1425 1186 1493 Ι
1205 1432 1320 1490 reptasti.

281 1499 394 1546 nitidum
409 1506 550 1558 consurgat
566 1499 598 1546 ad
616 1499 719 1546 aethera
736 1499 811 1546 tellus
831 1495 834 1560 Ι
855 1499 953 1546 Eubois
969 1506 993 1547 et
1009 1499 1119 1558 pulchra
1135 1506 1232 1547 tumeat
1248 1498 1320 1547 Sebe-

282 1566 339 1614 thos
357 1565 462 1614 alumna
471 1567 485 1613 '.
520 1563 652 1615 sebethe:
674 1567 715 1614 the
735 1567 833 1621 Sebeto,
851 1583 866 1614 a
881 1566 946 1614 little
964 1574 1058 1614 stream
1076 1566 1159 1614 which
1177 1573 1262 1614 enters
1279 1566 1320 1614 the

282 1649 324 1680 sea
339 1640 364 1680 at
382 1632 487 1692 Naples.

318 1699 430 1747 166-168.
449 1701 523 1759 Virg.
540 1701 597 1748 Ecl.
615 1718 638 1748 v.
656 1710 696 1760 45,
713 1699 779 1748 ‘tale
797 1708 870 1748 tuum
886 1717 989 1748 carmen
1007 1701 1089 1754 nobis,
1108 1701 1194 1748 divine
1212 1708 1295 1760 poeta,
1315 1701 1317 1762 Ι

282 1766 357 1826 quale
376 1783 452 1827 sopor
473 1768 549 1815 fessis
567 1768 594 1815 in
614 1768 739 1826 gramine,
757 1767 832 1826 quale
851 1784 897 1826 per
915 1775 1013 1815 aestum
1036 1762 1039 1828 Ι
1061 1767 1144 1815 dulcis
1164 1784 1244 1826 aquae
1263 1767 1321 1815 sali-

282 1841 338 1882 ente
357 1834 426 1882 sitim
445 1835 604 1894 restinguere
624 1835 680 1882 rivo
690 1835 704 1889 ',
723 1836 774 1883 and
792 1835 874 1894 81·84,
893 1835 973 1893 ‘quae
993 1835 1048 1889 tibi,
1067 1851 1131 1893 quae
1150 1834 1196 1883 tali
1215 1835 1320 1883 reddam

282 1918 331 1960 pro
345 1903 458 1949 carmine
475 1903 561 1950 dona?
582 1898 585 1963 Ι
604 1919 664 1949 narn
680 1918 761 1961 neque
778 1919 817 1949 me
834 1909 934 1950 tanturn
952 1903 1078 1950 venientis
1096 1903 1187 1950 sibilus
1205 1902 1295 1949 Austri
1315 1901 1318 1962 Ι

282 1985 327 2016 nec
344 1985 467 2028 percussa
481 1969 572 2017 iuvant
589 1968 669 2017 fluctu
686 1977 738 2016 tam
754 1969 840 2024 litora,
857 1985 902 2017 nec
920 1985 984 2028 quae
1005 1964 1008 2030 Ι
1028 1985 1133 2017 saxosas
1148 1970 1216 2017 inter
1233 1969 1321 2017 decur-

282 2043 343 2083 runt
363 2035 469 2084 flumina
488 2035 600 2092 valles'3
621 2036 698 2092 Ovid,
717 2037 783 2084 Her.
803 2037 846 2083 vii.
869 2049 915 2095 1-3,
935 2037 1009 2084 ‘udis
1029 2037 1142 2085 abiectus
1162 2040 1188 2084 in
1207 2037 1294 2084 herbis
1314 2033 1318 2098 Ι

282 2107 314 2154 ad
332 2107 398 2154 vada
417 2106 682 2154 Maeandri'concinit
699 2104 773 2153 albus
789 2106 876 2162 olor’;
896 2107 932 2154 M.
949 2106 1010 2153 Ant.
1028 2105 1181 2161 Flaminius,
1197 2106 1322 2165 Hymnus

282 2174 308 2220 in
324 2173 405 2228 Pana,
422 2173 483 2221 ‘nec
501 2179 553 2221 tam
570 2172 644 2221 dulce
662 2180 736 2220 sonat
751 2173 845 2220 cadens
865 2163 868 2231 Ι
890 2173 941 2221 666
957 2173 984 2220 in
1002 2173 1119 2232 gramine
1135 2173 1255 2232 cycnus'.

318 2249 430 2296 109-113.
449 2237 524 2296 Virg.
540 2238 597 2285 Ecl.
614 2237 647 2284 iu.
665 2250 704 2295 30,
721 2237 773 2284 ‘sic
790 2245 835 2286 tua
851 2237 966 2296 Cyrneas
983 2237 1088 2296 fugiant
1105 2239 1224 2286 examina
1241 2245 1321 2292 taxos,

285 2300 288 2365 Ι
310 2305 345 2352 sic
363 2305 444 2364 cytiso
463 2312 551 2363 pastae
570 2305 719 2352 distendant
738 2304 817 2352 ubera
835 2319 940 2352 vaccae:
962 2300 965 2365 Ι
986 2305 1078 2364 incipe,
1098 2305 1119 2352 si
1138 2305 1201 2364 quid
1218 2305 1321 2368 habes’.

281 2369 418 2432 Megaria:
437 2387 476 2430 cp.
493 2372 559 2420 Plin.
574 2373 609 2420 N.
626 2373 663 2420 H.
679 2371 715 2418 iii.
732 2371 771 2427 82,
788 2371 871 2419 ‘inter
886 2370 1056 2430 Pausilypum
1072 2379 1096 2419 et
1113 2372 1252 2431 Neapolim
1269 2373 1322 2420 Me·

282 2439 384 2497 garis’;
411 2439 473 2487 Stat.
495 2439 560 2488 Silo.
583 2439 619 2486 iii.
642 2452 664 2493 2,
688 2439 719 2486 8ο
742 2438 874 2497 ‘quaeque
897 2439 959 2486 ferit
981 2455 1074 2488 curvos
1096 2448 1184 2487 exerta
1208 2439 1322 2498 Megalia

283 2505 398 2554 fluctus’.
432 2506 486 2554 The
504 2506 590 2554 island
606 2506 628 2552 is
644 2521 703 2553 now
719 2506 842 2564 occupied
859 2505 893 2565 by
910 2506 951 2554 the
968 2506 1053 2554 Castel
1071 2506 1130 2554 dell'
1148 2506 1212 2555 Ovo.
1247 2505 1320 2554 Mer-

281 2571 394 2634 galline:
415 2573 456 2621 the
471 2573 518 2620 site
533 2574 564 2621 61
578 2573 747 2621 Sannazaro’s
763 2572 834 2628 villa,
849 2581 874 2620 at
890 2573 931 2621 the
946 2580 1000 2621 east
1015 2574 1064 2622 end
1080 2574 1110 2622 61
1125 2574 1166 2621 the
1183 2574 1305 2633 Posilipo.

318 2652 430 2698 119-120.
449 2640 523 2699 Virg.
541 2641 598 2688 Ecl.
617 2641 650 2686 ix.
670 2640 709 2698 67,
727 2640 860 2688 ‘carmina
877 2647 931 2688 turn
948 2640 1048 2695 melius,
1066 2657 1124 2688 cum
1143 2641 1242 2688 venerit
1258 2641 1321 2700 ipse,

282 2723 402 2755 canemus
412 2708 427 2754 '.

318 2787 370 2821 122.
390 2773 555 2834 Prochytaet
575 2774 615 2822 the
630 2774 716 2822 island
730 2775 760 2822 of
775 2774 892 2822 Procida.

319 2854 431 2900 123-124.
450 2841 496 2900 Cp.
515 2841 592 2897 Ovid,
614 2842 689 2890 Trist.
708 2841 745 2888 iii.
762 2855 785 2900 3,
805 2852 885 2899 71-72,
904 2841 1034 2900 ‘quosque
1052 2842 1122 2901 legat
1141 2858 1230 2890 versus
1248 2842 1322 2890 oculo

283 2915 438 2966 properante
457 2909 549 2964 viator,
571 2903 574 2968 Ι
596 2908 738 2968 grandibus
757 2909 783 2956 in
802 2909 871 2957 tituli
890 2924 1017 2956 marmore
1035 2909 1111 2956 caede
1130 2910 1198 2957 notis
1208 2909 1222 2956 '.

319 2976 371 3022 128.
391 2975 465 3034 Virg.
481 2975 546 3024 Aen.
564 2976 597 3023 iv.
616 2976 670 3034 569,
688 2975 744 3023 ‘eia
761 2992 816 3035 age,
834 2991 924 3035 rumpe
942 2977 1059 3033 moras';
1077 2976 1133 3024 Ecl.
1153 2994 1175 3023 x.
1196 2986 1233 3037 75,
1251 2977 1312 3026 ‘sur

283 3058 374 3101 gamus
384 3042 398 3090 ’.
954 3051 956 3056 ’
