3012 4268
605 271 752 321 ECLOGA
772 271 796 330 I,
813 270 867 319 PH
870 271 980 322 YLLIS
1275 271 1313 330 59

274 442 367 500 Nunc
382 442 470 500 dolor
486 451 682 517 aeternusque
698 443 760 500 imo
774 442 828 499 sub
844 450 965 516 pectore
979 441 1100 498 luctus?

274 526 347 584 Non
363 528 450 584 licuit
466 533 565 583 tecum
580 534 700 599 optatos
718 525 904 600 conjungere
921 542 1040 599 somnos

274 611 388 668 Dulcia
402 628 458 668 nec
474 612 589 684 primae
605 610 765 684 decerpere
780 610 862 667 dona
877 611 1021 684 juventae

272 695 335 752 Aut
351 695 442 753 simul
457 703 605 752 extremos
620 695 715 751 vitam
729 693 896 768 producere
911 695 943 750 in
959 711 1062 752 annos,

274 778 304 835 N
307 797 367 836 unc
383 787 412 836 te
435 779 517 854 (quis
533 778 672 854 credatl)
695 778 774 852 lapis
791 778 841 834 hic
857 778 947 835 habet
963 786 992 835 et
1007 778 1083 834 mihi
1098 795 1247 852 nusquam
1263 794 1293 833 es
1302 795 1311 850 3

274 863 435 938 Nusquam
451 871 600 920 terrarum
618 862 744 937 Phyllis,
762 862 814 919 sed
830 861 940 919 fabula
955 871 984 919 et
999 862 1124 919 umbrae

275 947 299 1003 F
301 957 472 1004 rustrantur
488 948 611 1003 miseras
629 964 682 1021 per
697 946 767 1004 dira
783 947 934 1004 insomnia
948 955 1059 1004 noctes.

275 1032 327 1088 Me
343 1032 497 1101 miserum,¹
511 1048 572 1106 qua
587 1039 616 1087 te
633 1029 756 1087 tandem
772 1031 894 1104 regione
910 1030 1081 1105 requiram?
1106 1067 1110 1075 -

274 1115 381 1188 Quave
397 1116 524 1190 sequar?
562 1116 619 1171 Per
636 1124 664 1171 te
680 1114 834 1190 quondam
849 1115 925 1171 mihi
940 1123 1020 1171 terra
1036 1113 1176 1188 placebat
1276 1114 1314 1171 70

275 1199 316 1256 Et
331 1199 439 1274 populi
454 1199 608 1274 laetaeque
624 1200 686 1256 suis
700 1217 769 1256 cum
784 1199 940 1256 moenibus
955 1199 1062 1271 urbes;

275 1282 304 1338 N
309 1300 368 1340 unc
385 1284 473 1358 juvat
492 1284 630 1339 immensi
648 1282 723 1341 fines
741 1283 869 1340 lustrare
888 1281 1038 1356 profundi

276 1367 392 1442 Perque
411 1368 595 1441 procellosas
616 1385 715 1424 errare
734 1367 875 1426 licentius
893 1367 992 1424 undas

274 1453 438 1509 Tritonum
456 1452 622 1508 immistum
641 1451 737 1508 turbis
756 1450 975 1526 scopulosaque
993 1459 1057 1507 cete

276 1537 359 1592 Inter
377 1544 406 1592 et
422 1535 569 1593 informes
586 1536 721 1593 horrenti
738 1553 863 1610 corpore
880 1534 1001 1609 phocas,

276 1619 345 1692 Quo
362 1637 528 1694 numquam
545 1628 640 1676 terras
658 1619 785 1688 videam.
824 1619 895 1693 Jam
912 1619 977 1693 jam
994 1618 1050 1675 illa
1066 1626 1111 1675 tot
1128 1619 1215 1675 annis

276 1703 369 1761 Culta
383 1703 458 1760 mihi
474 1703 574 1774 tellus,
591 1703 757 1778 populique
773 1703 920 1778 urbesque
936 1702 1042 1773 valete,

276 1787 381 1844 Litora
394 1804 465 1844 cara
477 1789 583 1857 valete,
599 1787 667 1844 vale
679 1787 771 1844 simul
785 1787 901 1860 optima
915 1786 1026 1861 Phylli.

277 1871 343 1928 Nos
360 1871 424 1941 tibi,
442 1889 496 1929 nos
513 1870 637 1947 liquidis
655 1880 769 1945 septem
786 1889 840 1946 pro
859 1870 998 1928 fluctibus
1016 1889 1084 1928 aras

276 1955 425 2013 Ponemus
442 1964 614 2030 septemque
631 1955 687 2012 tibi
704 1956 742 2012 de
758 1973 841 2013 more
858 1956 1020 2030 quotannis

277 2039 417 2097 Monstra
429 2041 523 2096 maris
536 2039 640 2114 magni
655 2040 767 2097 vitulos
781 2039 980 2097 mactabimus
996 2040 1100 2109 hirtos,

276 2123 317 2180 Et
335 2123 391 2180 tibi
408 2125 539 2198 septenis
556 2123 731 2197 pendebunt
749 2131 848 2181 ostrea
864 2125 960 2195 sertis,

276 2207 387 2265 Ostrea
403 2208 569 2265 muricibus
585 2209 703 2265 variata
720 2207 855 2283 albisque
872 2207 997 2281 lapillis.

276 2292 340 2348 Hic
356 2292 412 2349 tibi
430 2292 540 2348 Nisaee
557 2301 586 2348 et
603 2291 695 2348 flavos
712 2292 846 2349 resoluta
861 2291 990 2365 capillos

277 2375 448 2450 Cymodoce
466 2377 606 2450 mitisque
625 2377 676 2450 pia
694 2393 763 2432 curn
780 2386 876 2450 matre
896 2376 1060 2433 Palaemon

278 2461 317 2517 Et
336 2461 459 2534 Panope
475 2469 503 2517 et
521 2460 616 2518 Siculi
632 2469 730 2516 custos
749 2461 878 2517 Galatea
895 2459 1045 2534 profundi

276 2543 443 2601 Sollemnes
460 2553 581 2600 nectent
599 2544 722 2601 choreas
740 2554 768 2601 et
787 2546 921 2601 carmina
939 2545 1041 2601 dicent

277 2629 363 2700 Quae
383 2628 510 2685 Proteus
526 2628 680 2702 quondam
698 2629 803 2687 divino
820 2638 940 2702 pectore
958 2637 1041 2685 vates

278 2711 418 2782 Edocuit‚
434 2713 538 2786 magni
553 2730 620 2769 cum
638 2711 748 2769 funera
763 2712 845 2769 fleret
862 2712 993 2769 Achillis
1081 2760 1082 2763 ,

278 2796 319 2874 Et
341 2796 482 2852 Thetidis
505 2797 606 2853 luctus
628 2797 833 2854 consolaretur
857 2814 983 2854 amaros

276 2879 319 2936 At
336 2888 378 2950 tu,
397 2881 459 2936 sive
476 2879 573 2937 altum
591 2879 669 2937 felix
687 2881 761 2937 colis
779 2880 908 2950 aethera,
928 2898 979 2937 seu
997 2881 1008 2954 j
1031 2899 1062 2936 m

277 2963 398 3037 Elysios
414 2965 492 3020 inter
505 2981 609 3021 manes
624 2974 785 3040 coetusque
800 2965 946 3022 verendos

277 3047 425 3104 Lethaeos
442 3049 573 3122 sequeris
591 3066 644 3122 per
662 3057 770 3123 stagna
788 3049 936 3122 liquentia
952 3049 1056 3122 pisces,

277 3131 336 3189 Seu
354 3131 431 3206 legis
448 3140 586 3189 aeternos
603 3131 739 3190 formoso
756 3132 868 3206 pollice
885 3131 980 3202 flores,

278 3214 514 3290 Narcissumque
534 3234 713 3291 crocumque
731 3225 760 3273 et
777 3218 896 3274 vivaces
913 3216 1115 3287 amaranthOS,

279 3300 319 3356 Et
337 3299 427 3358 violis
443 3308 559 3356 teneras
577 3301 683 3357 misces
699 3301 885 3374 pallentibus
904 3299 998 3374 algam,

277 3383 388 3457 Aspice
405 3399 459 3440 nos
475 3385 616 3460 mitisque
633 3385 719 3457 veni;
739 3393 773 3441 tu
789 3402 900 3441 numen
917 3401 1064 3459 aquarum

277 3468 402 3541 Semper
419 3469 484 3538 eris,
503 3486 619 3541 semper
636 3468 750 3525 laetum
767 3468 953 3542 piscantibus
969 3486 1065 3526 omen.

279 3552 323 3609 Ut
342 3552 495 3626 Nymphis
514 3552 683 3626 Nereoque‚
702 3560 736 3609 ut
754 3551 928 3609 flavicomae
946 3552 1159 3626 Amphitritae‚

278 3635 328 3694 Sic
343 3636 399 3693 tibi
413 3637 551 3693 victrices
567 3635 698 3693 fundent
713 3636 861 3693 libamina
875 3636 1006 3709 cymbae.

280 3719 400 3776 Interea
417 3720 533 3777 tumulo
551 3737 724 3793 supremum
740 3720 798 3776 hoc
815 3720 917 3793 accipe
933 3738 1062 3792 carmen,

279 3802 410 3860 Carmen
426 3804 516 3878 quod,
535 3805 618 3860 tenui
634 3804 707 3861 dum
723 3805 817 3860 nectit
834 3804 982 3861 arundine
999 3806 1104 3876 linum,
