3012 4268
587 283 733 332 ECLOGA
754 283 794 342 II,
813 282 984 333 GALATEA

554 554 730 613 sciona
746 556 789 625 u,
806 553 1022 613 anciran.

312 723 402 780 Forte
422 723 524 797 Lycon
542 741 638 780 vacuo
657 722 755 779 fessus
772 723 947 780 consederat
967 733 1054 780 antro

271 808 406 863 Piscator
422 825 482 881 qua
498 825 527 863 se
545 807 662 880 scopuli
678 807 715 863 de
731 808 842 863 vertice
858 807 932 864 lato.

269 891 411 948 Ostentat
428 891 539 964 pelago
554 891 759 963 pulcherrima
776 885 961 966 Mergilline.

270 975 411 1049 Dumque
427 975 480 1032 alii
495 984 641 1048 notosque
656 976 739 1031 sinus
754 976 930 1049 piscosaque
946 976 1059 1032 circum

269 1060 411 1133 Aequora
426 1060 606 1116 collustrant
622 1058 750 1115 flammis
766 1068 818 1116 aut
834 1060 915 1115 linea
930 1059 1019 1133 longe

270 1144 360 1200 Retia
379 1145 573 1218 captivosque
593 1143 717 1200 trahunt
736 1144 775 1200 ad
794 1144 886 1200 litora
902 1127 1009 1217 pisces,

272 1229 340 1301 Ipse
358 1245 412 1301 per
430 1228 588 1285 obscuram
606 1227 769 1284 meditatur
787 1229 922 1284 carmina
938 1237 1073 1284 noctem:

312 1312 462 1368 ‘Immitis
480 1312 618 1381 Galatea,
635 1312 712 1368 nihil
729 1321 758 1368 te
773 1330 899 1368 munera
914 1312 1044 1382 tandem,

271 1395 327 1452 Nil
343 1405 463 1453 nostrae
479 1414 599 1452 movere
614 1397 737 1470 preces?
753 1395 845 1453 verba
861 1397 947 1452 irrita
962 1397 1059 1453 ventis

271 1479 417 1537 Fudimus
431 1490 460 1537 et
472 1498 566 1536 vanas
580 1480 711 1553 scopulis
725 1481 904 1555 impegimus
918 1480 1024 1537 undas.

229 1593 231 1596 v
270 1564 389 1637 Aspice,
406 1574 516 1620 cuncta
531 1564 629 1634 silent,
646 1583 731 1622 orcas
747 1573 775 1620 et
790 1565 923 1621 maxima
937 1573 1000 1620 cete

270 1648 398 1706 Somnus
414 1648 513 1718 habet,
531 1649 640 1704 tacitae
656 1648 800 1705 recubant
817 1667 870 1722 per
885 1648 977 1704 litora
991 1649 1113 1721 phocae,

271 1732 345 1788 Non
360 1732 491 1806 Zephyri
508 1733 613 1805 strepit
631 1750 712 1802 aura,
731 1750 821 1805 sopor
838 1750 907 1788 suus
925 1733 1027 1789 umida
1043 1733 1155 1789 mulcet

269 1817 419 1890 Aequora,
437 1817 535 1889 sopito
551 1818 690 1872 conivent
705 1816 806 1872 sidera
820 1817 902 1873 caelo
915 1835 922 1888 3

270 1901 358 1957 Solus
374 1918 430 1974 ego
452 1900 495 1975 (ei
509 1900 633 1974 misero)
655 1901 729 1957 dum
744 1901 824 1957 tristi
839 1910 959 1974 pectore
975 1909 1096 1974 questus

271 1984 369 2042 Nocte
385 1986 470 2054 itero,
485 2002 624 2041 somnum
639 1994 703 2042 tota
716 1985 754 2041 de
768 1993 868 2041 mente
884 1984 1000 2058 fugavi,

271 2068 301 2122 N
305 2086 337 2124 ec
355 2077 455 2125 tamen
471 2068 537 2125 ulla
552 2086 635 2125 meae
652 2070 750 2143 tangit
767 2078 796 2125 te
813 2087 886 2126 cura
902 2069 1016 2125 salutis,

269 2154 311 2209 At
327 2171 388 2210 non
406 2153 555 2209 Praxinoe
571 2171 619 2208 me
633 2154 795 2228 quondam,
813 2172 875 2210 non
893 2153 1058 2226 Polybotae

272 2237 351 2293 Filia
365 2237 513 2310 despexit,
531 2255 593 2294 non
609 2237 713 2294 divitis
728 2255 805 2293 uxor
821 2237 980 2311 Amyntae,

271 2321 417 2393 Quamvis
436 2320 613 2390 culta'sinu‚
633 2322 771 2395 quamvis
788 2321 869 2378 foret
888 2322 958 2378 alha
976 2320 1108 2394 papillis.

270 2406 353 2477 Quin
370 2406 460 2461 etiam
476 2406 610 2462 Aenaria
631 2405 672 2480 (si
688 2406 849 2480 quicquam
864 2406 976 2480 credis)
999 2406 1036 2462 ab
1054 2406 1118 2462 alta

270 2489 365 2563 Saepe
380 2507 489 2561 voc0r3
506 2490 582 2546 solet
598 2491 665 2562 ipsa
677 2508 757 2546 meas
773 2489 898 2546 laudare
915 2490 1063 2548 Camenas

271 2575 308 2629 In
323 2575 428 2646 primis
443 2573 579 2630 formosa
592 2573 695 2648 Hyale
709 2575 757 2630 cui
772 2575 893 2648 sanguis
910 2574 1004 2630 Iberis
1083 2596 1085 2600 ’

270 2657 380 2714 Clarus
398 2659 470 2728 avis
488 2659 536 2714 cui
552 2667 597 2715 tot
614 2666 719 2728 terrae,
738 2667 782 2714 tot
800 2659 891 2715 litora
908 2666 1015 2731 parent

270 2742 415 2816 Quaeque
432 2742 479 2798 vel
498 2743 530 2798 in
545 2742 653 2798 mediis
671 2741 851 2815 Neptunum
868 2751 981 2798 torreat
998 2742 1096 2798 undis.

269 2825 328 2882 Sed
347 2826 422 2881 mihi
440 2827 512 2900 quid
531 2835 658 2899 prosunt
676 2827 749 2882 haec
767 2827 876 2894 omnia,
898 2828 921 2882 si
941 2827 996 2882 tibi
1014 2835 1133 2883 tantum

276 2910 370 2983 (Quis
384 2910 495 2980 credat,
512 2910 677 2984 Galateai)
698 2911 752 2967 tihi
766 2911 791 2966 si
805 2911 934 2984 denique
949 2918 1067 2966 tantum

272 2994 448 3067 Displiceo?
465 2995 489 3050 si
507 3003 540 3051 tu
555 3003 689 3051 nostram
707 2994 838 3052 crudelis
854 3011 979 3051 avenam

270 3078 343 3136 Sola
361 3078 453 3151 iugis
473 3079 537 3136 sola
554 3087 583 3135 et
600 3087 718 3136 nostros
736 3079 902 3135 contemnis
921 3078 1056 3135 amores?

270 3162 381 3220 Ostrea
401 3163 512 3219 Miseni
531 3162 733 3236 pendentibus
751 3153 933 3220 eruta'saxis

272 3246 361 3303 Mille
379 3247 434 3303 tibi
449 3247 525 3316 misi,
545 3246 671 3304 totidem
687 3247 742 3302 sub
761 3247 879 3320 gurgite
895 3255 979 3303 vasto

272 3330 461 3405 PausilypuS,
480 3330 605 3387 totidem
622 3331 725 3388 vitreis
742 3330 882 3402 Euploea
898 3330 951 3387 sub
968 3331 1057 3386 undis

270 3415 376 3474 Servat
393 3415 492 3472 adhuc
502 3433 510 3488 ;
528 3415 631 3489 plures
648 3415 737 3471 Nesis
752 3415 827 3471 mihi
844 3422 943 3470 servat
960 3415 1081 3471 echinos

271 3500 355 3571 Quos
372 3517 427 3556 nec
444 3517 512 3556 vere
530 3517 609 3556 novo
626 3498 710 3556 foliis
729 3498 871 3555 lentiscus
890 3499 998 3554 amaris

272 3583 374 3640 inficit
391 3593 443 3640 aut
458 3601 570 3640 vacuae
587 3592 712 3640 tenuant
728 3582 888 3656 dispendia
904 3581 1017 3639 Lunae.

260 3669 430 3728 Praeterea
447 3668 522 3724 mihi
542 3667 595 3723 sub
615 3667 723 3741 pelago
741 3684 848 3722 manus
867 3675 939 3738 apta
956 3665 1092 3740 legendis

272 3752 442 3808 Muricibus
452 3770 459 3824 3
479 3751 573 3807 didici
591 3752 700 3826 Tyrios
718 3767 897 3824 cognoscere
915 3768 1000 3808 sucos

272 3836 399 3920 Quoque
415 3837 505 3895 modo
522 3836 614 3920 plena
629 3836 738 3901 durent
756 3834 915 3918 conchylia
931 3843 1015 3900 testa.
