3012 4268
649 259 837 310 FRAGMEN
841 259 922 311 TUM

619 529 952 588 FRAGMENTUM.

491 701 583 774 (Cod.
608 701 673 758 Vat.
692 701 760 757 Lat.
779 693 871 774 3361,
888 700 922 770 ff.
942 693 1078 774 ‹tr-61²².)

309 830 440 904 Optatos
458 832 519 887 iarn
538 831 677 904 Euploea
694 832 769 887 mihi
788 831 983 904 circumspice
1002 839 1107 904 portus

269 915 338 986 Quo
358 916 469 989 passim
488 931 599 971 uacuas
619 915 708 972 liceat
727 915 886 988 disponere
904 932 1009 976 nassas

268 999 336 1070 Quo
359 999 448 1056 liceat
469 999 602 1073 trepidas
622 1001 717 1055 nassis
739 998 893 1056 includere
914 998 1043 1073 praedas

269 1083 309 1139 Et
324 1083 468 1157 Zephyris
482 1083 615 1140 releuare
632 1100 737 1157 graues
752 1083 936 1156 spirantibus
951 1083 1061 1140 Aestus

268 1168 361 1242 Siqua
378 1177 478 1224 mouet
496 1167 638 1241 cupidam
655 1167 768 1225 uelocis
787 1168 886 1241 gratia
902 1167 1033 1241 cymbae.

309 1253 417 1325 'l'uque
434 1251 505 1309 ades
522 1271 539 1309 0
556 1253 650 1308 nostri
666 1269 778 1308 merces
795 1269 856 1308 non
874 1269 970 1325 parua
986 1251 1097 1307 laboris

268 1335 368 1407 Quam
386 1336 523 1393 Phoebus
537 1335 620 1405 mihi,
636 1353 727 1412 quam
741 1336 847 1392 doctae
861 1354 928 1392 mea
941 1335 1030 1392 turba
1044 1353 1160 1391 sorores

269 1419 451 1488 Conciliant,
468 1419 600 1494 dumque
616 1421 679 1493 ipse
696 1429 791 1476 ratem
808 1419 845 1476 de
862 1419 950 1477 litore
968 1419 1048 1492 pello

270 1503 319 1560 Da
335 1504 405 1559 uela
422 1505 585 1572 insinuans,
607 1503 774 1577 pelagoque
793 1521 916 1559 excurre
935 1504 1050 1576 patenti

270 1588 343 1644 Pars
359 1589 476 1644 animae
495 1587 640 1644 Puderice
658 1605 749 1656 meae,
768 1597 795 1644 te
814 1605 883 1644 narn
901 1603 955 1644 sua
973 1586 1089 1643 Nereus
1272 1587 1307 1641 10

269 1671 325 1727 Per
342 1671 429 1741 uada,
449 1681 477 1728 te
495 1671 613 1746 liquido
631 1672 722 1728 Doris
739 1681 829 1728 uocat
846 1671 966 1728 aemula
983 1670 1090 1740 fundo,

270 1755 352 1811 Dum
367 1755 428 1811 late
445 1754 628 1812 undisonum
643 1773 767 1829 campus
784 1756 890 1828 strepit
906 1756 1003 1813 omnis
1019 1772 1173 1828 aquarum.

310 1839 458 1896 Lucrinae
473 1839 511 1896 ad
527 1840 653 1896 Veneris
668 1839 808 1913 scopulos
823 1848 1004 1897 conuenerat
1019 1839 1116 1896 omnis

268 1923 426 1993 Aenariae‚
447 1924 673 1998 Prochytaeque
691 1941 806 1980 manus.
846 1924 1036 1997 Zephyraeus
1054 1939 1150 1996 opaca

268 2007 390 2064 Scilicet
407 2008 548 2078 Aenaria,
569 2007 720 2082 Prochyta
735 2009 818 2064 uenit
838 2008 994 2082 Eutychus
1012 2007 1076 2064 alta

270 2091 407 2165 Insignes
426 2092 513 2149 ambo
532 2091 665 2163 calamis,
685 2100 714 2148 et
731 2092 867 2148 uersibus
885 2091 973 2150 ambo

268 2174 367 2248 Aptus
388 2184 513 2250 uterque
534 2174 630 2246 fretis,
651 2175 816 2250 piscatibus
836 2183 925 2249 aptus
943 2183 1069 2250 uterque

270 2259 328 2316 Ille
347 2259 451 2316 hamos
469 2277 597 2330 uersare,
616 2260 665 2316 hic
683 2261 759 2316 retia
777 2259 893 2316 soluere
911 2260 942 2315 in
961 2276 1072 2334 aequor

266 2341 360 2415 Zeph.
390 2344 471 2400 Turn
489 2345 572 2417 prior
588 2344 662 2400 haec
681 2343 815 2418 Zephyre
890 2343 991 2401 adeste
1010 2363 1028 2402 0
1045 2344 1133 2400 litore
1150 2343 1188 2400 ab
1206 2344 1287 2400 omni

270 2429 457 2485 Piscatorum
476 2436 563 2499 artes,
583 2427 716 2502 liquidas
735 2429 883 2502 exquirite
903 2427 986 2487 sedes
1270 2428 1308 2482 20

269 2513 386 2569 Vertite
401 2513 564 2569 Tritonum
579 2512 720 2583 latebras
737 2521 891 2586 penetrate
907 2529 1040 2570 recessus

270 2595 445 2653 Nereidum.
487 2596 654 2671 Nunquam
671 2605 789 2653 nostros
808 2596 950 2653 sedabitis
968 2596 1052 2670 ignes

270 2679 436 2754 Nunquam
452 2698 499 2736 me
517 2680 640 2751 Pholoe,
658 2697 813 2755 nunquam
828 2698 876 2737 me
892 2679 1003 2737 chloris
1021 2680 1133 2737 amabit

270 2763 336 2820 Ede
353 2773 419 2821 tuos
435 2781 552 2821 mecum
568 2764 689 2821 tandem
706 2782 781 2822 caua
797 2765 925 2821 buccina
941 2763 1035 2821 fletus,

268 2847 339 2904 Eut.
364 2847 478 2905 Omnia
494 2849 617 2919 tentaui,
635 2858 738 2919 terras
755 2866 846 2918 mare,
863 2848 978 2918 nubila,
995 2847 1113 2905 coelum

269 2932 495 3006 Ventorumque
515 2931 620 2989 domos

270 3014 383 3072 Omnia
397 3015 448 3071 sed
465 3033 594 3073 nocuere
611 3015 708 3073 simul.
747 3033 826 3073 nunc
843 3018 885 3073 ite
901 3016 1021 3090 puellae

271 3100 318 3156 Ite
333 3099 406 3156 deae
424 3100 535 3174 pelagi,
555 3098 650 3175 furijs
667 3102 806 3158 arcessite
824 3101 935 3158 nostris

270 3183 362 3241 Nunc
381 3184 456 3241 alios
475 3201 586 3255 succos,
607 3184 741 3260 aliasque
762 3184 967 3258 Melampodis
984 3185 1091 3242 herbas

271 3268 336 3324 Ede
357 3275 425 3325 tuos
445 3286 562 3326 mecum
582 3269 705 3326 tandem
726 3287 801 3327 caua
820 3270 950 3327 buccina
969 3267 1063 3326 fletus.
1270 3270 1308 3325 30

267 3349 361 3425 Zeph.
407 3352 479 3410 Non
498 3354 632 3429 magicos
651 3371 762 3424 uersus,
783 3356 946 3429 ignotaque
965 3355 1090 3411 nomina
1108 3371 1208 3410 rerum

271 3436 499 3513 Dissirnilesque
520 3437 609 3508 Deos
629 3439 844 3512 Herebumque
863 3437 1024 3512 Chaosque
1041 3437 1150 3511 reliqui

271 3521 357 3594 Ipsos
377 3522 450 3595 quin
470 3522 561 3578 etiarn
580 3520 635 3580 filo
653 3522 833 3578 conuoluere
853 3522 1010 3579 Rhombos

271 3604 402 3676 Edidici,
423 3605 593 3680 parteisque
611 3624 691 3662 meas
710 3605 746 3662 de
765 3606 854 3662 litore
873 3606 994 3663 echinos

271 3689 317 3745 De
333 3689 466 3762 scopulis
480 3707 625 3760 muscum,
642 3689 679 3746 de
695 3688 835 3748 fiuctibus
850 3690 1003 3747 hausimus
1018 3690 1115 3747 undas

271 3772 337 3829 Ede
355 3782 422 3830 tuos
440 3791 557 3830 mecum
576 3773 698 3830 tandem
717 3791 793 3830 caua
809 3773 939 3830 buccina
955 3771 1049 3831 fletus
