3012 4268
408 271 555 320 ECLOGA
579 272 610 329 V,
627 271 819 320 HERPYLIS
836 270 1166 320 PHARMACEUTRIA
1273 270 1307 327 71

480 538 770 597 CASSANDRAE
797 537 1101 610 MARCHESIAE,

582 710 729 767 Murmur
749 696 995 766 nunusrnurrss.

334 875 511 934 ECLOGA
533 876 571 947 V,
594 875 819 933 HERPYLIS
841 872 1246 931 PHARMACEUTRIA.

601 1043 761 1100 DouriAs.
806 1044 981 1102 Turioou.

312 1195 371 1252 Sed
388 1195 452 1268 jam
467 1194 607 1269 vulgatos
624 1205 652 1251 et
667 1212 722 1250 nos
738 1193 906 1251 referamus
922 1211 1038 1251 amores

272 1280 357 1350 Quos
371 1280 484 1352 pariter
500 1288 587 1353 grata
602 1278 719 1350 scopuli
735 1278 893 1352 pendentis
909 1279 940 1333 in
954 1278 1063 1334 umbra

272 1363 356 1418 Hinc
376 1363 515 1436 Dorylas
532 1364 603 1419 hinc
620 1362 746 1419 'l'eleboi
763 1364 854 1420 maris
872 1363 976 1418 accola
992 1362 1136 1435 Thelgon

273 1449 431 1503 Certantes
448 1447 585 1517 docuere,
604 1447 712 1521 quibus
730 1464 805 1503 cava
821 1446 913 1502 litora
929 1455 958 1502 et
975 1447 1041 1520 ipse·

271 1531 445 1604 Aequoreus
466 1530 625 1587 Platamon
644 1547 821 1604 sacrumque
840 1529 993 1603 Serapidis
1013 1539 1133 1586 antrum

273 1614 350 1670 Cum
370 1613 455 1670 fonte
474 1623 502 1670 et
524 1614 676 1688 Nymphis
696 1614 878 1671 assultavere
897 1615 1030 1670 marinis.

313 1699 363 1754 'l'u
380 1698 463 1768 mihi,
483 1715 534 1754 seu
552 1698 657 1755 doctas
674 1700 824 1772 percurris
844 1697 980 1754 Palladis
997 1707 1075 1754 artes

274 1782 490 1855 Maeoniaeque
507 1800 613 1839 aurum
630 1792 659 1838 et
675 1782 866 1856 subtegmina
880 1783 976 1840 vincis
992 1782 1156 1852 Arachnes

272 1865 330 1922 Seu
352 1865 509 1940 Dryadum
528 1867 644 1924 choreis
662 1875 807 1941 coetuque
826 1866 958 1922 immista
978 1867 1095 1922 Dianae

272 1948 367 2005 Haud
383 1950 482 2006 minor
497 1949 611 2006 incedis
627 1951 767 2024 pictaque
783 1951 920 2007 accincta
935 1950 1078 2024 pharetra
1276 1949 1311 2003 lo

272 2033 392 2090 Venatu
407 2034 577 2107 Prochyten
590 2043 784 2109 maternaque
798 2051 892 2109 regna
905 2032 1028 2108 fatigas,

272 2116 340 2174 Sive
356 2117 531 2174 Dicarcheis
546 2135 606 2192 qua
619 2118 750 2174 molibus
764 2117 860 2175 assilit
874 2135 986 2192 aequor

258 2194 424 2258 ¹Ludentes
440 2211 556 2275 spectas
574 2201 732 2272 Nereidas,
748 2219 785 2258 en
800 2219 857 2276 age
869 2212 987 2259 nostros

278 2285 326 2359 (Si
343 2287 409 2360 quis
425 2286 520 2343 honos
535 2285 653 2361 pelagi)
677 2284 858 2357 Cassandra,
875 2304 912 2342 en
929 2287 1029 2360 aspice
1045 2286 1136 2343 lusus.

273 2368 346 2425 Non
362 2371 483 2448 ingrata
498 2386 573 2428 cano
590 2370 768 2444 penitusque
783 2370 908 2444 injussa,
925 2387 1021 2444 neque
1037 2387 1181 2445 umquam

272 2453 439 2528 Arguerint
455 2463 583 2511 ventura
599 2455 672 2511 meis
689 2463 719 2510 te
734 2454 855 2511 saecula
870 2454 982 2511 chartis

274 2538 471 2594 Praeteritam
481 2556 489 2610 3
509 2537 612 2595 faveat
629 2538 719 2596 modo
737 2556 798 2596 non
815 2539 927 2595 invitus
944 2538 1060 2612 Apollo

274 2620 314 2677 Et
332 2639 407 2696 quae
424 2639 471 2678 me
489 2620 576 2678 facili
589 2639 699 2704 ¹verrere
716 2640 769 2696 per
787 2639 919 2696 aequora
934 2640 1018 2680 remo

274 2704 415 2775 Pierides,
434 2707 517 2779 queis
535 2706 629 2781 longa
642 2705 706 2762 dies
722 2715 750 2763 et
766 2708 891 2763 nomina
906 2723 1003 2764 curae.

274 2789 394 2845 Interea
412 2788 549 2863 Dorylan
565 2790 651 2864 juvet
667 2790 716 2846 hic
732 2790 837 2847 audire
853 2799 1018 2847 canentem.

719 2923 821 2998 Dorpl
857 2970 862 2981 .

314 3038 436 3095 Sebethi
456 3039 494 3096 ad
515 3039 647 3114 liquidas
666 3040 861 3098 descenderat
882 3041 1028 3116 Herpylis
1047 3040 1154 3112 undas

274 3121 423 3197 Herpylis
441 3123 614 3180 Euboidum
632 3142 693 3181 non
710 3124 827 3195 ultima,
847 3142 937 3199 quam
954 3134 1040 3199 pater
1057 3125 1157 3182 Alcon

275 3206 406 3277 Erudiit‚
425 3207 522 3264 Musis
538 3217 567 3264 et
584 3208 705 3267 Phoebo
722 3209 860 3282 cognitus
877 3208 985 3266 Alcon.

273 3291 406 3348 Venerat
423 3300 452 3348 et
469 3293 542 3348 socii
558 3302 675 3366 partem
693 3294 830 3350 subitura
846 3293 960 3352 laboris

275 3375 437 3432 Unanimis
452 3394 536 3433 soror
551 3386 580 3433 et
595 3377 749 3433 calathum
765 3377 803 3434 de
817 3395 901 3435 more
917 3377 1043 3435 ferebat.

276 3459 348 3532 Ipsa
367 3476 466 3516 comas
487 3459 584 3516 effusa
602 3460 768 3535 pedemque
788 3470 879 3518 exuta
897 3462 1052 3519 sinistrum

275 3542 353 3600 Cum
370 3543 491 3617 philtris
509 3544 635 3618 longum
652 3545 875 3602 submurmurat
893 3551 982 3620 atque
999 3547 1042 3603 ita
1058 3545 1157 3604 fatur:

317 3627 323 3651 ‘
338 3627 419 3684 Pone
433 3644 516 3684 aram
532 3637 560 3685 et
575 3629 659 3686 vivos
674 3630 763 3686 hauri
777 3630 815 3686 de
830 3629 951 3686 flumine
965 3646 1046 3687 rores

276 3709 419 3786 Canaque
437 3712 536 3770 vicino
555 3712 681 3787 decerpe
698 3713 851 3770 absinthia
868 3730 975 3787 campo
985 3732 993 3787 3

276 3794 370 3852 Illum
387 3795 475 3851 illum
491 3797 618 3872 magicis
634 3797 765 3855 conabor
782 3796 908 3855 adurere
924 3800 1017 3856 sacris
