<?xml version="1.0" encoding="UTF-8"?>
<!DOCTYPE html PUBLIC "-//W3C//DTD XHTML 1.0 Transitional//EN"
    "http://www.w3.org/TR/xhtml1/DTD/xhtml1-transitional.dtd">
<html xmlns="http://www.w3.org/1999/xhtml" xml:lang="en" lang="en">
 <head>
  <title>
</title>
<meta http-equiv="Content-Type" content="text/html;charset=utf-8" />
  <meta name='ocr-system' content='tesseract 3.04.00' />
  <meta name='ocr-capabilities' content='ocr_page ocr_carea ocr_par ocr_line ocrx_word'/>
</head>
<body>
  <div class='ocr_page' id='page_1' title='image "./piscatoryeclogu01sanngoog_0072.png"; bbox 0 0 3012 4268; ppageno 0'>
   <div class='ocr_carea' id='block_1_1' title="bbox 621 273 1011 330">
    <p class='ocr_par' dir='ltr' id='par_1_1' title="bbox 621 273 1011 330">
     <span class='ocr_line' id='line_1_1' title="bbox 621 273 1011 330; baseline -0.003 -8"><span class='ocrx_word' id='word_1_1' title='bbox 621 273 768 322; x_wconf 83' lang='lat' dir='ltr'><em>ECLOGA</em></span> <span class='ocrx_word' id='word_1_2' title='bbox 788 273 845 330; x_wconf 92' lang='lat' dir='ltr'>III,</span> <span class='ocrx_word' id='word_1_3' title='bbox 863 273 1011 322; x_wconf 89' lang='lat' dir='ltr'><em>MOPSUS</em></span> 
     </span>
    </p>
   </div>
   <div class='ocr_carea' id='block_1_2' title="bbox 298 440 1337 1439">
    <p class='ocr_par' dir='ltr' id='par_1_2' title="bbox 299 440 1208 516">
     <span class='ocr_line' id='line_1_2' title="bbox 299 440 1208 516; baseline 0 -20"><span class='ocrx_word' id='word_1_4' title='bbox 299 441 478 498; x_wconf 89' lang='lat' dir='ltr'>Bellovacos</span> <span class='ocrx_word' id='word_1_5' title='bbox 498 441 694 516; x_wconf 91' lang='lat' dir='ltr'>Morinosque</span> <span class='ocrx_word' id='word_1_6' title='bbox 714 449 743 496; x_wconf 93' lang='lat' dir='ltr'>et</span> <span class='ocrx_word' id='word_1_7' title='bbox 767 440 857 515; x_wconf 88' lang='lat' dir='ltr'>(quos</span> <span class='ocrx_word' id='word_1_8' title='bbox 876 441 942 515; x_wconf 90' lang='lat' dir='ltr'>quis</span> <span class='ocrx_word' id='word_1_9' title='bbox 961 441 1060 496; x_wconf 88' lang='lat' dir='ltr'><strong>dicere</strong></span> <span class='ocrx_word' id='word_1_10' title='bbox 1079 440 1208 514; x_wconf 88' lang='lat' dir='ltr'>possit?)</span> 
     </span>
    </p>

    <p class='ocr_par' dir='ltr' id='par_1_3' title="bbox 298 523 1003 598">
     <span class='ocr_line' id='line_1_3' title="bbox 298 523 1003 598; baseline -0.001 -17"><span class='ocrx_word' id='word_1_11' title='bbox 298 525 476 598; x_wconf 88' lang='lat' dir='ltr'>Tarbellos;</span> <span class='ocrx_word' id='word_1_12' title='bbox 496 525 566 581; x_wconf 90' lang='lat' dir='ltr'>latis</span> <span class='ocrx_word' id='word_1_13' title='bbox 581 543 680 581; x_wconf 90' lang='lat' dir='ltr'>errare</span> <span class='ocrx_word' id='word_1_14' title='bbox 696 535 725 582; x_wconf 93' lang='lat' dir='ltr'>et</span> <span class='ocrx_word' id='word_1_15' title='bbox 740 523 866 582; x_wconf 90' lang='lat' dir='ltr'>flumina</span> <span class='ocrx_word' id='word_1_16' title='bbox 881 525 1003 598; x_wconf 70' lang='lat' dir='ltr'>campis</span> 
     </span>
    </p>

    <p class='ocr_par' dir='ltr' id='par_1_4' title="bbox 299 608 1084 683">
     <span class='ocr_line' id='line_1_4' title="bbox 299 608 1084 683; baseline 0.003 -20"><span class='ocrx_word' id='word_1_17' title='bbox 299 608 412 666; x_wconf 88' lang='lat' dir='ltr'>Nescio</span> <span class='ocrx_word' id='word_1_18' title='bbox 427 626 515 683; x_wconf 91' lang='lat' dir='ltr'>quem</span> <span class='ocrx_word' id='word_1_19' title='bbox 533 609 666 683; x_wconf 85' lang='lat' dir='ltr'><strong>Ligerim</strong></span> <span class='ocrx_word' id='word_1_20' title='bbox 683 610 768 665; x_wconf 91' lang='lat' dir='ltr'>tectis</span> <span class='ocrx_word' id='word_1_21' title='bbox 785 627 816 665; x_wconf 92' lang='lat' dir='ltr'>se</span> <span class='ocrx_word' id='word_1_22' title='bbox 830 610 950 664; x_wconf 86' lang='lat' dir='ltr'>innasse</span> <span class='ocrx_word' id='word_1_23' title='bbox 966 609 1084 666; x_wconf 82' lang='lat' dir='ltr'>carinis,</span> 
     </span>
    </p>

    <p class='ocr_par' dir='ltr' id='par_1_5' title="bbox 298 692 1103 767">
     <span class='ocr_line' id='line_1_5' title="bbox 298 692 1103 767; baseline -0.001 -18"><span class='ocrx_word' id='word_1_24' title='bbox 298 693 357 750; x_wconf 86' lang='lat' dir='ltr'>Sed</span> <span class='ocrx_word' id='word_1_25' title='bbox 374 710 441 749; x_wconf 90' lang='lat' dir='ltr'>mea</span> <span class='ocrx_word' id='word_1_26' title='bbox 457 710 537 749; x_wconf 91' lang='lat' dir='ltr'>nunc</span> <span class='ocrx_word' id='word_1_27' title='bbox 555 692 632 749; x_wconf 86' lang='lat' dir='ltr'>aliae</span> <span class='ocrx_word' id='word_1_28' title='bbox 649 702 776 767; x_wconf 89' lang='lat' dir='ltr'>poscunt</span> <span class='ocrx_word' id='word_1_29' title='bbox 794 693 850 750; x_wconf 87' lang='lat' dir='ltr'>sibi</span> <span class='ocrx_word' id='word_1_30' title='bbox 866 702 989 766; x_wconf 86' lang='lat' dir='ltr'>pectora</span> <span class='ocrx_word' id='word_1_31' title='bbox 1006 710 1103 749; x_wconf 90' lang='lat' dir='ltr'>curae.</span> 
     </span>
    </p>

    <p class='ocr_par' dir='ltr' id='par_1_6' title="bbox 298 776 1238 852">
     <span class='ocr_line' id='line_1_6' title="bbox 298 776 1238 852; baseline -0.001 -20"><span class='ocrx_word' id='word_1_32' title='bbox 298 778 347 833; x_wconf 93' lang='lat' dir='ltr'>Tu</span> <span class='ocrx_word' id='word_1_33' title='bbox 363 777 463 846; x_wconf 93' lang='lat' dir='ltr'>modo,</span> <span class='ocrx_word' id='word_1_34' title='bbox 482 778 506 832; x_wconf 92' lang='lat' dir='ltr'>si</span> <span class='ocrx_word' id='word_1_35' title='bbox 523 776 596 852; x_wconf 91' lang='lat' dir='ltr'>quid</span> <span class='ocrx_word' id='word_1_36' title='bbox 614 777 705 833; x_wconf 89' lang='lat' dir='ltr'>habes</span> <span class='ocrx_word' id='word_1_37' title='bbox 729 776 773 850; x_wconf 88' lang='lat' dir='ltr'>(et</span> <span class='ocrx_word' id='word_1_38' title='bbox 791 783 819 832; x_wconf 92' lang='lat' dir='ltr'>te</span> <span class='ocrx_word' id='word_1_39' title='bbox 837 795 955 851; x_wconf 91' lang='lat' dir='ltr'>quoque</span> <span class='ocrx_word' id='word_1_40' title='bbox 975 776 1129 834; x_wconf 86' lang='lat' dir='ltr'>Chloridis</span> <span class='ocrx_word' id='word_1_41' title='bbox 1148 776 1238 833; x_wconf 91' lang='lat' dir='ltr'>ardor</span> 
     </span>
    </p>

    <p class='ocr_par' dir='ltr' id='par_1_7' title="bbox 299 860 1159 934">
     <span class='ocr_line' id='line_1_7' title="bbox 299 860 1159 934; baseline 0 -18"><span class='ocrx_word' id='word_1_42' title='bbox 299 860 478 934; x_wconf 88' lang='lat' dir='ltr'>Excruciat)</span> <span class='ocrx_word' id='word_1_43' title='bbox 503 861 627 934; x_wconf 91' lang='lat' dir='ltr'>scopulo</span> <span class='ocrx_word' id='word_1_44' title='bbox 646 861 703 918; x_wconf 89' lang='lat' dir='ltr'>hoc</span> <span class='ocrx_word' id='word_1_45' title='bbox 722 878 838 917; x_wconf 93' lang='lat' dir='ltr'>mecum</span> <span class='ocrx_word' id='word_1_46' title='bbox 856 861 1001 916; x_wconf 90' lang='lat' dir='ltr'>meditare</span> <span class='ocrx_word' id='word_1_47' title='bbox 1019 861 1159 916; x_wconf 88' lang='lat' dir='ltr'>vicissim.</span> 
     </span>
    </p>

    <p class='ocr_par' dir='ltr' id='par_1_8' title="bbox 298 944 1337 1103">
     <span class='ocr_line' id='line_1_8' title="bbox 298 944 1337 1019; baseline 0 -19"><span class='ocrx_word' id='word_1_48' title='bbox 298 944 410 1001; x_wconf 90' lang='lat' dir='ltr'>Audiet</span> <span class='ocrx_word' id='word_1_49' title='bbox 429 954 457 1001; x_wconf 92' lang='lat' dir='ltr'>et</span> <span class='ocrx_word' id='word_1_50' title='bbox 476 945 619 1019; x_wconf 84' lang='lat' dir='ltr'>gracilem</span> <span class='ocrx_word' id='word_1_51' title='bbox 636 954 790 1018; x_wconf 88' lang='lat' dir='ltr'>percurret</span> <span class='ocrx_word' id='word_1_52' title='bbox 810 946 936 1018; x_wconf 87' lang='lat' dir='ltr'>Mopsus</span> <span class='ocrx_word' id='word_1_53' title='bbox 955 944 1099 1001; x_wconf 79' lang='lat' dir='ltr'>avenam&#39;.</span> <span class='ocrx_word' id='word_1_54' title='bbox 1297 946 1337 1000; x_wconf 90' lang='lat'>40</span> 
     </span>
     <span class='ocr_line' id='line_1_9' title="bbox 339 1028 1143 1103; baseline 0 -18"><span class='ocrx_word' id='word_1_55' title='bbox 339 1029 389 1086; x_wconf 91' lang='lat' dir='ltr'>Sic</span> <span class='ocrx_word' id='word_1_56' title='bbox 406 1028 470 1101; x_wconf 73' lang='lat' dir='ltr'>illi,</span> <span class='ocrx_word' id='word_1_57' title='bbox 490 1038 535 1086; x_wconf 89' lang='lat' dir='ltr'>ast</span> <span class='ocrx_word' id='word_1_58' title='bbox 552 1047 608 1103; x_wconf 89' lang='lat' dir='ltr'>ego</span> <span class='ocrx_word' id='word_1_59' title='bbox 623 1028 667 1084; x_wconf 94' lang='lat' dir='ltr'>nil</span> <span class='ocrx_word' id='word_1_60' title='bbox 684 1037 797 1098; x_wconf 87' lang='lat' dir='ltr'>contra,</span> <span class='ocrx_word' id='word_1_61' title='bbox 812 1028 866 1085; x_wconf 93' lang='lat' dir='ltr'>sed</span> <span class='ocrx_word' id='word_1_62' title='bbox 882 1046 958 1102; x_wconf 89' lang='lat' dir='ltr'>quae</span> <span class='ocrx_word' id='word_1_63' title='bbox 974 1029 1049 1085; x_wconf 87' lang='lat' dir='ltr'>mihi</span> <span class='ocrx_word' id='word_1_64' title='bbox 1064 1029 1143 1085; x_wconf 91' lang='lat' dir='ltr'>collo</span> 
     </span>
    </p>

    <p class='ocr_par' dir='ltr' id='par_1_9' title="bbox 300 1112 1150 1191">
     <span class='ocr_line' id='line_1_10' title="bbox 300 1112 1150 1191; baseline -0.001 -22"><span class='ocrx_word' id='word_1_65' title='bbox 300 1112 433 1170; x_wconf 91' lang='lat' dir='ltr'>Garrula</span> <span class='ocrx_word' id='word_1_66' title='bbox 447 1113 597 1186; x_wconf 82' lang='lat' dir='ltr'>pendebat</span> <span class='ocrx_word' id='word_1_67' title='bbox 611 1113 750 1169; x_wconf 85' lang='lat' dir='ltr'>manibus</span> <span class='ocrx_word' id='word_1_68' title='bbox 765 1122 836 1169; x_wconf 90' lang='lat' dir='ltr'>tunc</span> <span class='ocrx_word' id='word_1_69' title='bbox 853 1121 973 1186; x_wconf 87' lang='lat' dir='ltr'>sumpta</span> <span class='ocrx_word' id='word_1_70' title='bbox 987 1113 1086 1191; x_wconf 86' lang='lat' dir='ltr'>cicuta</span> <span class='ocrx_word' id='word_1_71' title='bbox 1099 1124 1150 1168; x_wconf 93' lang='lat' dir='ltr'>est.</span> 
     </span>
    </p>

    <p class='ocr_par' dir='ltr' id='par_1_10' title="bbox 298 1197 1005 1254">
     <span class='ocr_line' id='line_1_11' title="bbox 298 1197 1005 1254; baseline -0.003 0"><span class='ocrx_word' id='word_1_72' title='bbox 298 1197 420 1254; x_wconf 82' lang='lat' dir='ltr'>Scilicet</span> <span class='ocrx_word' id='word_1_73' title='bbox 439 1197 570 1254; x_wconf 87' lang='lat' dir='ltr'>alternos</span> <span class='ocrx_word' id='word_1_74' title='bbox 589 1197 719 1253; x_wconf 89' lang='lat' dir='ltr'>conabar</span> <span class='ocrx_word' id='word_1_75' title='bbox 737 1197 884 1253; x_wconf 89' lang='lat' dir='ltr'>arundine</span> <span class='ocrx_word' id='word_1_76' title='bbox 902 1213 1005 1252; x_wconf 89' lang='lat' dir='ltr'>versus</span> 
     </span>
    </p>

    <p class='ocr_par' dir='ltr' id='par_1_11' title="bbox 300 1280 1100 1354">
     <span class='ocr_line' id='line_1_12' title="bbox 300 1280 1100 1354; baseline -0.001 -18"><span class='ocrx_word' id='word_1_77' title='bbox 300 1281 456 1354; x_wconf 85' lang='lat' dir='ltr'>Excipere,</span> <span class='ocrx_word' id='word_1_78' title='bbox 477 1281 601 1337; x_wconf 80' lang='lat' dir='ltr'>alternis</span> <span class='ocrx_word' id='word_1_79' title='bbox 617 1299 688 1337; x_wconf 91' lang='lat' dir='ltr'>nam</span> <span class='ocrx_word' id='word_1_80' title='bbox 706 1280 805 1337; x_wconf 93' lang='lat' dir='ltr'>dicere</span> <span class='ocrx_word' id='word_1_81' title='bbox 822 1289 946 1354; x_wconf 91' lang='lat' dir='ltr'>uterque</span> <span class='ocrx_word' id='word_1_82' title='bbox 965 1280 1100 1353; x_wconf 88' lang='lat' dir='ltr'>parabat.</span> 
     </span>
    </p>

    <p class='ocr_par' dir='ltr' id='par_1_12' title="bbox 300 1363 1186 1439">
     <span class='ocr_line' id='line_1_13' title="bbox 300 1363 1186 1439; baseline 0.001 -20"><span class='ocrx_word' id='word_1_83' title='bbox 300 1364 366 1421; x_wconf 93' lang='lat' dir='ltr'>Nec</span> <span class='ocrx_word' id='word_1_84' title='bbox 380 1383 466 1422; x_wconf 88' lang='lat' dir='ltr'>mora</span> <span class='ocrx_word' id='word_1_85' title='bbox 475 1383 483 1438; x_wconf 92' lang='lat'>;</span> <span class='ocrx_word' id='word_1_86' title='bbox 500 1366 522 1439; x_wconf 83' lang='lat' dir='ltr'>jr</span> <span class='ocrx_word' id='word_1_87' title='bbox 533 1383 565 1421; x_wconf 89' lang='lat' dir='ltr'>m</span> <span class='ocrx_word' id='word_1_88' title='bbox 582 1365 721 1422; x_wconf 85' lang='lat' dir='ltr'>Chromis</span> <span class='ocrx_word' id='word_1_89' title='bbox 735 1365 798 1435; x_wconf 74' lang='lat' dir='ltr'>hos</span> <span class='ocrx_word' id='word_1_90' title='bbox 815 1365 870 1422; x_wconf 89' lang='lat' dir='ltr'>hos</span> <span class='ocrx_word' id='word_1_91' title='bbox 885 1373 913 1422; x_wconf 91' lang='lat' dir='ltr'>et</span> <span class='ocrx_word' id='word_1_92' title='bbox 928 1363 1078 1420; x_wconf 80' lang='lat' dir='ltr'>referebat</span> <span class='ocrx_word' id='word_1_93' title='bbox 1095 1364 1186 1420; x_wconf 80' lang='lat' dir='ltr'>lolas,</span> 
     </span>
    </p>
   </div>
   <div class='ocr_carea' id='block_1_3' title="bbox 744 1479 892 1539">
    <p class='ocr_par' dir='ltr' id='par_1_13' title="bbox 744 1479 892 1539">
     <span class='ocr_line' id='line_1_14' title="bbox 744 1479 892 1539; baseline -0.014 0"><span class='ocrx_word' id='word_1_94' title='bbox 744 1479 892 1539; x_wconf 76' lang='lat' dir='ltr'>Chromis.</span> 
     </span>
    </p>
   </div>
   <div class='ocr_carea' id='block_1_4' title="bbox 300 1597 1161 1924">
    <p class='ocr_par' dir='ltr' id='par_1_14' title="bbox 300 1597 1161 1924">
     <span class='ocr_line' id='line_1_15' title="bbox 341 1597 1145 1672; baseline 0.001 -20"><span class='ocrx_word' id='word_1_95' title='bbox 341 1597 496 1667; x_wconf 72' lang='lat' dir='ltr'>Nereides</span> <span class='ocrx_word' id='word_1_96' title='bbox 513 1597 615 1671; x_wconf 84' lang='lat' dir='ltr'>pelagi</span> <span class='ocrx_word' id='word_1_97' title='bbox 631 1615 748 1654; x_wconf 90' lang='lat' dir='ltr'>sacrum</span> <span class='ocrx_word' id='word_1_98' title='bbox 765 1615 866 1672; x_wconf 67' lang='lat' dir='ltr'>genus</span> <span class='ocrx_word' id='word_1_99' title='bbox 884 1606 935 1654; x_wconf 89' lang='lat' dir='ltr'>aut</span> <span class='ocrx_word' id='word_1_100' title='bbox 950 1598 1025 1653; x_wconf 92' lang='lat' dir='ltr'>mihi</span> <span class='ocrx_word' id='word_1_101' title='bbox 1039 1598 1145 1653; x_wconf 89' lang='lat' dir='ltr'>vestris</span> 
     </span>
     <span class='ocr_line' id='line_1_16' title="bbox 300 1681 1161 1756; baseline -0.002 -18"><span class='ocrx_word' id='word_1_102' title='bbox 300 1683 431 1738; x_wconf 87' lang='lat' dir='ltr'>Munera</span> <span class='ocrx_word' id='word_1_103' title='bbox 448 1681 525 1738; x_wconf 87' lang='lat' dir='ltr'>ferte</span> <span class='ocrx_word' id='word_1_104' title='bbox 541 1682 627 1739; x_wconf 89' lang='lat' dir='ltr'>vadis</span> <span class='ocrx_word' id='word_1_105' title='bbox 644 1681 751 1738; x_wconf 87' lang='lat' dir='ltr'>duram</span> <span class='ocrx_word' id='word_1_106' title='bbox 768 1682 851 1756; x_wconf 91' lang='lat' dir='ltr'>queis</span> <span class='ocrx_word' id='word_1_107' title='bbox 869 1681 1019 1739; x_wconf 87' lang='lat' dir='ltr'>Chlorida</span> <span class='ocrx_word' id='word_1_108' title='bbox 1034 1681 1161 1754; x_wconf 88' lang='lat' dir='ltr'>placem,</span> 
     </span>
     <span class='ocr_line' id='line_1_17' title="bbox 300 1764 1062 1839; baseline 0.001 -17"><span class='ocrx_word' id='word_1_109' title='bbox 300 1765 371 1835; x_wconf 90' lang='lat' dir='ltr'>Aut,</span> <span class='ocrx_word' id='word_1_110' title='bbox 391 1767 416 1822; x_wconf 90' lang='lat' dir='ltr'>si</span> <span class='ocrx_word' id='word_1_111' title='bbox 433 1766 606 1822; x_wconf 88' lang='lat' dir='ltr'>muneribus</span> <span class='ocrx_word' id='word_1_112' title='bbox 625 1764 703 1822; x_wconf 90' lang='lat' dir='ltr'>flecti</span> <span class='ocrx_word' id='word_1_113' title='bbox 722 1766 833 1839; x_wconf 89' lang='lat' dir='ltr'>nequit,</span> <span class='ocrx_word' id='word_1_114' title='bbox 853 1783 980 1839; x_wconf 87' lang='lat' dir='ltr'>aequore</span> <span class='ocrx_word' id='word_1_115' title='bbox 999 1773 1062 1823; x_wconf 93' lang='lat' dir='ltr'>toto</span> 
     </span>
     <span class='ocr_line' id='line_1_18' title="bbox 300 1848 1122 1924; baseline 0 -18"><span class='ocrx_word' id='word_1_116' title='bbox 300 1850 444 1921; x_wconf 88' lang='lat' dir='ltr'>Quaerite</span> <span class='ocrx_word' id='word_1_117' title='bbox 461 1867 537 1924; x_wconf 92' lang='lat' dir='ltr'>quae</span> <span class='ocrx_word' id='word_1_118' title='bbox 554 1859 690 1906; x_wconf 91' lang='lat' dir='ltr'>nostrum</span> <span class='ocrx_word' id='word_1_119' title='bbox 708 1859 792 1906; x_wconf 90' lang='lat' dir='ltr'>sanet</span> <span class='ocrx_word' id='word_1_120' title='bbox 809 1850 960 1906; x_wconf 90' lang='lat' dir='ltr'>medicina</span> <span class='ocrx_word' id='word_1_121' title='bbox 978 1848 1122 1906; x_wconf 79' lang='lat' dir='ltr'>furorem.</span> 
     </span>
    </p>
   </div>
   <div class='ocr_carea' id='block_1_5' title="bbox 770 1981 864 2040">
    <p class='ocr_par' dir='ltr' id='par_1_15' title="bbox 770 1981 864 2040">
     <span class='ocr_line' id='line_1_19' title="bbox 770 1981 864 2040; baseline 0.011 -1"><span class='ocrx_word' id='word_1_122' title='bbox 770 1981 822 2039; x_wconf 86' lang='lat' dir='ltr'>Iol</span> <span class='ocrx_word' id='word_1_123' title='bbox 857 2028 864 2040; x_wconf 89' lang='lat'><em>.</em></span> 
     </span>
    </p>
   </div>
   <div class='ocr_carea' id='block_1_6' title="bbox 299 2098 1163 2425">
    <p class='ocr_par' dir='ltr' id='par_1_16' title="bbox 299 2098 1163 2425">
     <span class='ocr_line' id='line_1_20' title="bbox 341 2098 1082 2169; baseline -0.005 -13"><span class='ocrx_word' id='word_1_124' title='bbox 341 2098 468 2169; x_wconf 88' lang='lat' dir='ltr'>Sirenes,</span> <span class='ocrx_word' id='word_1_125' title='bbox 486 2116 552 2155; x_wconf 91' lang='lat' dir='ltr'>mea</span> <span class='ocrx_word' id='word_1_126' title='bbox 570 2116 650 2169; x_wconf 90' lang='lat' dir='ltr'>cura,</span> <span class='ocrx_word' id='word_1_127' title='bbox 669 2098 770 2155; x_wconf 87' lang='lat' dir='ltr'>audite</span> <span class='ocrx_word' id='word_1_128' title='bbox 787 2099 861 2155; x_wconf 87' lang='lat' dir='ltr'>haec</span> <span class='ocrx_word' id='word_1_129' title='bbox 878 2099 987 2155; x_wconf 90' lang='lat' dir='ltr'>ultima</span> <span class='ocrx_word' id='word_1_130' title='bbox 1004 2107 1082 2155; x_wconf 91' lang='lat' dir='ltr'>vota.</span> 
     </span>
     <span class='ocr_line' id='line_1_21' title="bbox 299 2182 1107 2256; baseline -0.002 -18"><span class='ocrx_word' id='word_1_131' title='bbox 299 2182 362 2239; x_wconf 91' lang='lat' dir='ltr'>Aut</span> <span class='ocrx_word' id='word_1_132' title='bbox 378 2191 496 2239; x_wconf 91' lang='lat' dir='ltr'>revocet</span> <span class='ocrx_word' id='word_1_133' title='bbox 511 2182 576 2255; x_wconf 86' lang='lat' dir='ltr'>jam</span> <span class='ocrx_word' id='word_1_134' title='bbox 594 2182 672 2239; x_wconf 88' lang='lat' dir='ltr'>Nisa</span> <span class='ocrx_word' id='word_1_135' title='bbox 688 2201 775 2239; x_wconf 93' lang='lat' dir='ltr'>suum</span> <span class='ocrx_word' id='word_1_136' title='bbox 789 2200 844 2238; x_wconf 93' lang='lat' dir='ltr'>nec</span> <span class='ocrx_word' id='word_1_137' title='bbox 860 2191 982 2256; x_wconf 85' lang='lat' dir='ltr'>spernat</span> <span class='ocrx_word' id='word_1_138' title='bbox 1001 2182 1107 2251; x_wconf 88' lang='lat' dir='ltr'>lolam,</span> 
     </span>
     <span class='ocr_line' id='line_1_22' title="bbox 299 2266 1163 2340; baseline -0.001 -17"><span class='ocrx_word' id='word_1_139' title='bbox 299 2267 362 2324; x_wconf 91' lang='lat' dir='ltr'>Aut</span> <span class='ocrx_word' id='word_1_140' title='bbox 379 2266 480 2324; x_wconf 91' lang='lat' dir='ltr'>videat</span> <span class='ocrx_word' id='word_1_141' title='bbox 497 2269 691 2340; x_wconf 72' lang='lat' dir='ltr'>morientem,</span> <span class='ocrx_word' id='word_1_142' title='bbox 711 2267 785 2323; x_wconf 89' lang='lat' dir='ltr'>haec</span> <span class='ocrx_word' id='word_1_143' title='bbox 802 2285 875 2324; x_wconf 85' lang='lat' dir='ltr'>saxa</span> <span class='ocrx_word' id='word_1_144' title='bbox 892 2267 1024 2340; x_wconf 89' lang='lat' dir='ltr'>impulsa</span> <span class='ocrx_word' id='word_1_145' title='bbox 1038 2268 1163 2322; x_wconf 90' lang='lat' dir='ltr'>marinis</span> 
     </span>
     <span class='ocr_line' id='line_1_23' title="bbox 301 2350 1145 2425; baseline -0.004 -17"><span class='ocrx_word' id='word_1_146' title='bbox 301 2352 467 2422; x_wconf 88' lang='lat' dir='ltr'>Fluctibus,</span> <span class='ocrx_word' id='word_1_147' title='bbox 483 2352 557 2408; x_wconf 90' lang='lat' dir='ltr'>haec</span> <span class='ocrx_word' id='word_1_148' title='bbox 572 2353 680 2409; x_wconf 89' lang='lat' dir='ltr'>misero</span> <span class='ocrx_word' id='word_1_149' title='bbox 695 2352 765 2409; x_wconf 91' lang='lat' dir='ltr'>vilis</span> <span class='ocrx_word' id='word_1_150' title='bbox 779 2351 864 2407; x_wconf 91' lang='lat' dir='ltr'>dabit</span> <span class='ocrx_word' id='word_1_151' title='bbox 879 2350 949 2425; x_wconf 84' lang='lat' dir='ltr'>alga</span> <span class='ocrx_word' id='word_1_152' title='bbox 965 2350 1145 2423; x_wconf 91' lang='lat' dir='ltr'>sepulcrum.</span> 
     </span>
    </p>
   </div>
   <div class='ocr_carea' id='block_1_7' title="bbox 649 2485 893 2550">
    <p class='ocr_par' dir='ltr' id='par_1_17' title="bbox 649 2485 893 2550">
     <span class='ocr_line' id='line_1_24' title="bbox 649 2485 893 2550; baseline -0.004 -7"><span class='ocrx_word' id='word_1_153' title='bbox 649 2540 653 2550; x_wconf 90' lang='grc'>,</span> <span class='ocrx_word' id='word_1_154' title='bbox 744 2485 893 2544; x_wconf 78' lang='lat' dir='ltr'>Chromis.</span> 
     </span>
    </p>
   </div>
   <div class='ocr_carea' id='block_1_8' title="bbox 300 2587 1142 2910">
    <p class='ocr_par' dir='ltr' id='par_1_18' title="bbox 300 2587 1142 2910">
     <span class='ocr_line' id='line_1_25' title="bbox 342 2587 1129 2663; baseline -0.003 -18"><span class='ocrx_word' id='word_1_155' title='bbox 342 2588 450 2660; x_wconf 85' lang='lat' dir='ltr'>Qualis</span> <span class='ocrx_word' id='word_1_156' title='bbox 466 2589 632 2663; x_wconf 87' lang='lat' dir='ltr'>tranquillo</span> <span class='ocrx_word' id='word_1_157' title='bbox 649 2606 725 2663; x_wconf 93' lang='lat' dir='ltr'>quae</span> <span class='ocrx_word' id='word_1_158' title='bbox 741 2587 854 2644; x_wconf 87' lang='lat' dir='ltr'>labitur</span> <span class='ocrx_word' id='word_1_159' title='bbox 870 2605 998 2662; x_wconf 87' lang='lat' dir='ltr'>aequore</span> <span class='ocrx_word' id='word_1_160' title='bbox 1015 2587 1129 2662; x_wconf 91' lang='lat' dir='ltr'>cymba,</span> 
     </span>
     <span class='ocr_line' id='line_1_26' title="bbox 301 2671 1137 2745; baseline -0.004 -16"><span class='ocrx_word' id='word_1_161' title='bbox 301 2671 379 2729; x_wconf 89' lang='lat' dir='ltr'>Cum</span> <span class='ocrx_word' id='word_1_162' title='bbox 398 2672 541 2745; x_wconf 89' lang='lat' dir='ltr'>Zephyris</span> <span class='ocrx_word' id='word_1_163' title='bbox 562 2691 694 2729; x_wconf 90' lang='lat' dir='ltr'>summae</span> <span class='ocrx_word' id='word_1_164' title='bbox 713 2673 884 2745; x_wconf 89' lang='lat' dir='ltr'>crispantur</span> <span class='ocrx_word' id='word_1_165' title='bbox 904 2673 1011 2728; x_wconf 90' lang='lat' dir='ltr'>leniter</span> <span class='ocrx_word' id='word_1_166' title='bbox 1030 2671 1137 2740; x_wconf 87' lang='lat' dir='ltr'>undae,</span> 
     </span>
     <span class='ocr_line' id='line_1_27' title="bbox 300 2755 1142 2830; baseline 0 -19"><span class='ocrx_word' id='word_1_167' title='bbox 300 2756 383 2812; x_wconf 91' lang='lat' dir='ltr'>Tuta</span> <span class='ocrx_word' id='word_1_168' title='bbox 398 2756 482 2813; x_wconf 92' lang='lat' dir='ltr'>volat</span> <span class='ocrx_word' id='word_1_169' title='bbox 499 2756 635 2830; x_wconf 91' lang='lat' dir='ltr'>luditque</span> <span class='ocrx_word' id='word_1_170' title='bbox 652 2755 758 2812; x_wconf 89' lang='lat' dir='ltr'>hilaris</span> <span class='ocrx_word' id='word_1_171' title='bbox 773 2774 826 2830; x_wconf 93' lang='lat' dir='ltr'>per</span> <span class='ocrx_word' id='word_1_172' title='bbox 843 2764 975 2812; x_wconf 89' lang='lat' dir='ltr'>transtra</span> <span class='ocrx_word' id='word_1_173' title='bbox 990 2757 1142 2830; x_wconf 68' lang='lat' dir='ltr'>juventus</span> 
     </span>
     <span class='ocr_line' id='line_1_28' title="bbox 301 2839 1086 2910; baseline -0.001 -14"><span class='ocrx_word' id='word_1_174' title='bbox 301 2840 387 2896; x_wconf 85' lang='lat' dir='ltr'>Talis</span> <span class='ocrx_word' id='word_1_175' title='bbox 404 2841 467 2896; x_wconf 92' lang='lat' dir='ltr'>vita</span> <span class='ocrx_word' id='word_1_176' title='bbox 482 2840 566 2910; x_wconf 90' lang='lat' dir='ltr'>mihi,</span> <span class='ocrx_word' id='word_1_177' title='bbox 584 2858 649 2897; x_wconf 90' lang='lat' dir='ltr'>mea</span> <span class='ocrx_word' id='word_1_178' title='bbox 666 2840 739 2897; x_wconf 92' lang='lat' dir='ltr'>dum</span> <span class='ocrx_word' id='word_1_179' title='bbox 754 2859 801 2897; x_wconf 91' lang='lat' dir='ltr'>me</span> <span class='ocrx_word' id='word_1_180' title='bbox 819 2839 940 2898; x_wconf 89' lang='lat' dir='ltr'>Chloris</span> <span class='ocrx_word' id='word_1_181' title='bbox 958 2840 1086 2896; x_wconf 86' lang='lat' dir='ltr'>amabat.</span> 
     </span>
    </p>
   </div>
   <div class='ocr_carea' id='block_1_9' title="bbox 770 2973 864 3031">
    <p class='ocr_par' dir='ltr' id='par_1_19' title="bbox 770 2973 864 3031">
     <span class='ocr_line' id='line_1_29' title="bbox 770 2973 864 3031; baseline 0.011 -1"><span class='ocrx_word' id='word_1_182' title='bbox 770 2973 864 3031; x_wconf 85' lang='lat' dir='ltr'>Iolas.</span> 
     </span>
    </p>
   </div>
   <div class='ocr_carea' id='block_1_10' title="bbox 300 3072 1196 3399">
    <p class='ocr_par' dir='ltr' id='par_1_20' title="bbox 300 3072 1196 3399">
     <span class='ocr_line' id='line_1_30' title="bbox 343 3072 1026 3147; baseline -0.003 -18"><span class='ocrx_word' id='word_1_183' title='bbox 343 3073 462 3147; x_wconf 90' lang='lat' dir='ltr'>Aspicis</span> <span class='ocrx_word' id='word_1_184' title='bbox 481 3074 574 3130; x_wconf 87' lang='lat' dir='ltr'>iratae</span> <span class='ocrx_word' id='word_1_185' title='bbox 593 3073 706 3130; x_wconf 84' lang='lat' dir='ltr'>feri-ant</span> <span class='ocrx_word' id='word_1_186' title='bbox 724 3082 757 3131; x_wconf 91' lang='lat' dir='ltr'>ut</span> <span class='ocrx_word' id='word_1_187' title='bbox 776 3091 849 3130; x_wconf 85' lang='lat' dir='ltr'>saxa</span> <span class='ocrx_word' id='word_1_188' title='bbox 866 3072 1026 3146; x_wconf 90' lang='lat' dir='ltr'>procellae,</span> 
     </span>
     <span class='ocr_line' id='line_1_31' title="bbox 302 3157 1023 3214; baseline -0.003 0"><span class='ocrx_word' id='word_1_189' title='bbox 302 3158 346 3214; x_wconf 94' lang='lat' dir='ltr'>Ut</span> <span class='ocrx_word' id='word_1_190' title='bbox 364 3158 476 3214; x_wconf 87' lang='lat' dir='ltr'>validis</span> <span class='ocrx_word' id='word_1_191' title='bbox 494 3159 570 3214; x_wconf 89' lang='lat' dir='ltr'>imae</span> <span class='ocrx_word' id='word_1_192' title='bbox 590 3157 678 3214; x_wconf 91' lang='lat' dir='ltr'>Coris</span> <span class='ocrx_word' id='word_1_193' title='bbox 696 3158 854 3214; x_wconf 89' lang='lat' dir='ltr'>turbentur</span> <span class='ocrx_word' id='word_1_194' title='bbox 873 3157 1023 3213; x_wconf 87' lang='lat' dir='ltr'>harenae?</span> 
     </span>
     <span class='ocr_line' id='line_1_32' title="bbox 300 3240 1196 3315; baseline 0 -18"><span class='ocrx_word' id='word_1_195' title='bbox 300 3242 371 3315; x_wconf 87' lang='lat' dir='ltr'>Jam</span> <span class='ocrx_word' id='word_1_196' title='bbox 389 3242 521 3314; x_wconf 91' lang='lat' dir='ltr'>scopulis</span> <span class='ocrx_word' id='word_1_197' title='bbox 540 3240 617 3298; x_wconf 79' lang='lat' dir='ltr'>furit</span> <span class='ocrx_word' id='word_1_198' title='bbox 635 3241 725 3311; x_wconf 85' lang='lat' dir='ltr'>unda,</span> <span class='ocrx_word' id='word_1_199' title='bbox 746 3242 847 3298; x_wconf 93' lang='lat' dir='ltr'>tremit</span> <span class='ocrx_word' id='word_1_200' title='bbox 865 3242 930 3314; x_wconf 90' lang='lat' dir='ltr'>jam</span> <span class='ocrx_word' id='word_1_201' title='bbox 949 3250 1029 3297; x_wconf 91' lang='lat' dir='ltr'>terra</span> <span class='ocrx_word' id='word_1_202' title='bbox 1046 3242 1196 3313; x_wconf 72' lang='lat' dir='ltr'>tumultu,</span> 
     </span>
     <span class='ocr_line' id='line_1_33' title="bbox 303 3325 1164 3399; baseline -0.001 -17"><span class='ocrx_word' id='word_1_203' title='bbox 303 3326 416 3395; x_wconf 89' lang='lat' dir='ltr'>Fallor,</span> <span class='ocrx_word' id='word_1_204' title='bbox 435 3343 474 3381; x_wconf 94' lang='lat' dir='ltr'>an</span> <span class='ocrx_word' id='word_1_205' title='bbox 491 3325 565 3381; x_wconf 86' lang='lat' dir='ltr'>haec</span> <span class='ocrx_word' id='word_1_206' title='bbox 581 3326 648 3398; x_wconf 88' lang='lat' dir='ltr'>ipsa</span> <span class='ocrx_word' id='word_1_207' title='bbox 663 3334 706 3382; x_wconf 92' lang='lat' dir='ltr'>est</span> <span class='ocrx_word' id='word_1_208' title='bbox 726 3325 819 3390; x_wconf 88' lang='lat' dir='ltr'>Nisae</span> <span class='ocrx_word' id='word_1_209' title='bbox 838 3325 1025 3399; x_wconf 83' lang='lat' dir='ltr'>indignantis</span> <span class='ocrx_word' id='word_1_210' title='bbox 1043 3325 1164 3399; x_wconf 84' lang='lat' dir='ltr'>imago?</span> 
     </span>
    </p>
   </div>
   <div class='ocr_carea' id='block_1_11' title="bbox 746 3443 994 3516">
    <p class='ocr_par' dir='ltr' id='par_1_21' title="bbox 746 3443 994 3516">
     <span class='ocr_line' id='line_1_34' title="bbox 746 3443 994 3516; baseline -0.016 0"><span class='ocrx_word' id='word_1_211' title='bbox 746 3456 894 3516; x_wconf 80' lang='lat' dir='ltr'>Chromis.</span> <span class='ocrx_word' id='word_1_212' title='bbox 992 3443 994 3446; x_wconf 35' lang='lat'>¹</span> 
     </span>
    </p>
   </div>
   <div class='ocr_carea' id='block_1_12' title="bbox 303 3558 1166 3889">
    <p class='ocr_par' dir='ltr' id='par_1_22' title="bbox 303 3558 1166 3889">
     <span class='ocr_line' id='line_1_35' title="bbox 343 3558 1125 3634; baseline -0.008 -15"><span class='ocrx_word' id='word_1_213' title='bbox 343 3561 371 3619; x_wconf 91' lang='grc' dir='ltr'>Ο</span> <span class='ocrx_word' id='word_1_214' title='bbox 390 3561 509 3631; x_wconf 88' lang='lat' dir='ltr'>Proteu‚</span> <span class='ocrx_word' id='word_1_215' title='bbox 526 3568 628 3634; x_wconf 92' lang='lat' dir='ltr'>pastor</span> <span class='ocrx_word' id='word_1_216' title='bbox 644 3558 754 3634; x_wconf 90' lang='lat' dir='ltr'>liquidi</span> <span class='ocrx_word' id='word_1_217' title='bbox 769 3558 869 3628; x_wconf 75' lang='lat' dir='ltr'>maris</span> <span class='ocrx_word' id='word_1_218' title='bbox 885 3576 902 3615; x_wconf 95' lang='lat' dir='ltr'>o</span> <span class='ocrx_word' id='word_1_219' title='bbox 919 3566 1013 3631; x_wconf 90' lang='lat' dir='ltr'>pater,</span> <span class='ocrx_word' id='word_1_220' title='bbox 1031 3577 1048 3615; x_wconf 95' lang='lat' dir='ltr'>o</span> <span class='ocrx_word' id='word_1_221' title='bbox 1064 3576 1125 3627; x_wconf 87' lang='lat' dir='ltr'>rex,</span> 
     </span>
     <span class='ocr_line' id='line_1_36' title="bbox 309 3641 1128 3720; baseline -0.005 -18"><span class='ocrx_word' id='word_1_222' title='bbox 309 3644 580 3720; x_wconf 87' lang='lat' dir='ltr'>(Quandoquidem</span> <span class='ocrx_word' id='word_1_223' title='bbox 596 3645 717 3700; x_wconf 89' lang='lat' dir='ltr'>insanos</span> <span class='ocrx_word' id='word_1_224' title='bbox 733 3642 847 3712; x_wconf 89' lang='lat' dir='ltr'>odistis,</span> <span class='ocrx_word' id='word_1_225' title='bbox 864 3643 997 3712; x_wconf 84' lang='lat' dir='ltr'>numina,</span> <span class='ocrx_word' id='word_1_226' title='bbox 1014 3641 1128 3715; x_wconf 84' lang='lat' dir='ltr'>fastus)</span> 
     </span>
     <span class='ocr_line' id='line_1_37' title="bbox 303 3726 1093 3802; baseline -0.004 -17"><span class='ocrx_word' id='word_1_227' title='bbox 303 3731 421 3802; x_wconf 91' lang='lat' dir='ltr'>Quaere</span> <span class='ocrx_word' id='word_1_228' title='bbox 438 3729 613 3785; x_wconf 90' lang='lat' dir='ltr'>Pithecusas</span> <span class='ocrx_word' id='word_1_229' title='bbox 628 3736 669 3796; x_wconf 85' lang='lat' dir='ltr'>tu,</span> <span class='ocrx_word' id='word_1_230' title='bbox 686 3727 734 3783; x_wconf 92' lang='lat' dir='ltr'>cui</span> <span class='ocrx_word' id='word_1_231' title='bbox 749 3727 828 3795; x_wconf 92' lang='lat' dir='ltr'>licet,</span> <span class='ocrx_word' id='word_1_232' title='bbox 845 3734 934 3799; x_wconf 86' lang='lat' dir='ltr'>atque</span> <span class='ocrx_word' id='word_1_233' title='bbox 949 3726 1093 3799; x_wconf 90' lang='lat' dir='ltr'>superbae</span> 
     </span>
     <span class='ocr_line' id='line_1_38' title="bbox 304 3812 1166 3889; baseline -0.002 -20"><span class='ocrx_word' id='word_1_234' title='bbox 304 3814 363 3870; x_wconf 91' lang='lat' dir='ltr'>Dic</span> <span class='ocrx_word' id='word_1_235' title='bbox 380 3813 501 3889; x_wconf 86' lang='lat' dir='ltr'>Hyalae</span> <span class='ocrx_word' id='word_1_236' title='bbox 517 3812 629 3871; x_wconf 89' lang='lat' dir='ltr'>salsum</span> <span class='ocrx_word' id='word_1_237' title='bbox 646 3820 674 3868; x_wconf 90' lang='lat' dir='ltr'>te</span> <span class='ocrx_word' id='word_1_238' title='bbox 691 3827 811 3885; x_wconf 89' lang='lat' dir='ltr'>pascere</span> <span class='ocrx_word' id='word_1_239' title='bbox 827 3815 962 3868; x_wconf 88' lang='lat' dir='ltr'>monstra</span> <span class='ocrx_word' id='word_1_240' title='bbox 976 3827 1030 3884; x_wconf 91' lang='lat' dir='ltr'>per</span> <span class='ocrx_word' id='word_1_241' title='bbox 1047 3827 1166 3884; x_wconf 91' lang='lat' dir='ltr'>aequor.</span> 
     </span>
    </p>
   </div>
   <div class='ocr_carea' id='block_1_13' title="bbox 0 0 1516 4268">
    <p class='ocr_par' dir='ltr' id='par_1_23' title="bbox 0 0 1516 4268">
     <span class='ocr_line' id='line_1_39' title="bbox 0 0 1516 4268; baseline 0 0"><span class='ocrx_word' id='word_1_242' title='bbox 0 0 1516 4268; x_wconf 95' lang='lat' dir='ltr'> </span> 
     </span>
    </p>
   </div>
  </div>
 </body>
</html>
