3012 4268
211 291 250 350 86
576 285 723 338 ECLOGA
743 284 792 336 IV.
809 299 887 348 437²

244 467 283 513 43.
302 454 377 513 Virg.
394 455 451 502 Ecl.
470 453 503 501 vi.
522 466 562 514 43,
582 453 638 501 ‘his
657 453 777 512 adiungit
788 453 801 500 ’.

245 534 284 581 44.
303 521 378 580 Virg.
397 521 462 568 Aen.
482 521 514 568 vi.
538 532 574 580 13,
593 521 714 568 ‘Triviae
732 520 836 577 lucos’;
856 519 890 567 ib.
911 533 950 579 42,
969 520 1099 567 ‘excisum
1121 517 1251 566 Euboicae

213 588 281 636 latus
297 589 389 647 ingens
407 589 479 647 rupis
495 589 522 635 iu
539 589 667 636 antrum’.

245 665 284 714 45.
304 655 348 704 Sil.
368 655 426 703 Ital.
444 656 487 703 xii.
507 667 560 715 132,
576 655 746 703 ‘Cimmerias
764 691 769 702 .
788 690 794 702 .
813 654 934 711 domos';
953 654 1036 713 Pliny,
1053 655 1088 702 N.
1103 653 1140 700 H.
1157 653 1194 700 iii.
1211 653 1251 707 61,

213 722 358 780 ‘Avernus
383 723 457 770 iuxta
480 738 555 781 quem
582 722 750 770 Cimmerium
775 721 901 781 oppidum
927 722 1058 780 quondam
1068 722 1082 768 ’.
1126 721 1252 774 Pontano,

213 791 254 838 De
273 790 338 838 Bell.
359 789 443 849 Neap.
466 789 509 837 lib.
531 789 565 844 vi,
587 789 745 844 ‘Cimmerii,
767 803 847 848 genus
867 789 1002 836 hominum
1025 790 1104 836 furtis
1125 803 1153 834 ac
1173 787 1252 834 latro·

213 857 289 904 ciniis
316 864 454 914 assuetum,
481 855 558 915 hique
584 872 674 914 specus
701 872 778 915 quam
804 855 894 903 domos
920 855 1003 914 magis
1030 854 1183 909 incolebant,
1211 854 1252 902 de·

215 927 349 985 ductisque
366 927 522 974 intrinsecus
540 925 587 974 sub
605 934 701 972 terram
718 925 845 973 cuniculis
864 923 1064 973 diversabantur
1074 924 1088 971 ’.

248 1001 285 1050 54.
305 991 379 1049 Virg.
393 990 458 1038 Aen.
474 991 506 1037 vi.
521 991 577 1050 465,
593 990 669 1037 ‘siste
685 989 795 1048 gradum
806 990 820 1037 '.

249 1067 286 1116 59.
306 1058 379 1116 Virg.
399 1057 455 1104 Ecl.
476 1058 509 1104 vi.
529 1058 567 1111 61,
588 1059 658 1104 ‘tum
676 1057 770 1105 canit'.

247 1122 471 1173 mauriennae:
496 1140 534 1183 cp.
557 1124 691 1171 Boiardo’s
712 1125 785 1172 Siren
806 1124 869 1171 ‘con
889 1123 912 1170 le
932 1123 1031 1171 chiome
1051 1122 1169 1177 bionde'‚
1189 1123 1253 1171 Son-

214 1194 260 1239 6111
281 1209 294 1239 ε
316 1193 443 1248 Canzone,
467 1202 518 1249 179,
539 1205 578 1250 41.
619 1190 705 1250 Lyly's
728 1191 808 1250 Syren
830 1190 877 1238 has
898 1190 1008 1249 ‘golden
1029 1190 1139 1244 lockes',
1160 1189 1254 1237 Love’s

215 1263 353 1310 Metamor.
375 1262 409 1308 iv.
432 1274 454 1317 2,
476 1261 527 1309 and
550 1261 747 1319 Shakespeare's
769 1261 816 1308 has
838 1259 949 1319 ‘golden
970 1258 1067 1314 hairs',
1091 1257 1205 1317 Comedy
1226 1257 1256 1314 os

214 1324 320 1381 Errors,
342 1325 378 1372 iii.
402 1338 424 1380 2,
446 1325 484 1384 48.
524 1324 616 1373 altum
638 1323 667 1372 in
689 1324 783 1372 monte
806 1323 974 1384 sepulcrum:
1001 1340 1040 1383 cp.
1066 1324 1190 1378 Pontano,
1214 1324 1255 1371 De

215 1391 280 1441 Bell.
299 1393 383 1453 Neap.
403 1393 436 1447 vi,
455 1393 500 1440 ‘ac
520 1393 620 1440 tametsi
639 1408 704 1451 quae
724 1392 755 1440 de
775 1391 909 1440 Sirenibus
929 1391 1052 1440 dicuntur
1070 1390 1193 1450 pleraque
1212 1389 1256 1437 ha·

216 1458 309 1507 bentur
332 1459 459 1514 fabulosa,
481 1460 613 1518 proditum
636 1467 720 1507 tamen
741 1466 779 1506 est
800 1459 948 1513 memoriae,
969 1465 1044 1517 atque
1064 1460 1102 1505 ita
1121 1457 1256 1505 hominum

216 1527 305 1586 opinio
325 1527 414 1581 tenuit,
434 1527 509 1574 unius
527 1543 557 1573 ex
575 1527 611 1573 eis
629 1525 763 1574 conditum
782 1525 948 1584 sepulchrum
966 1525 1074 1574 editiore
1093 1525 1121 1572 in
1139 1523 1203 1572 colle
1223 1522 1257 1571 ad

217 1592 337 1641 ultimum
358 1594 437 1641 maris
459 1595 544 1642 sinum
565 1594 665 1642 dedisse
686 1593 746 1640 colli
767 1609 869 1649 nomen,
889 1599 1059 1651 vocatumque
1080 1591 1155 1639 illurn
1176 1607 1207 1638 ex
1226 1606 1256 1637 eo

218 1661 407 1719 Parthenopen,
427 1660 495 1719 quod
515 1676 608 1707 nomeu
629 1668 687 1720 post
709 1661 760 1708 fuit
780 1661 857 1708 etiam
878 1660 950 1707 urbis
970 1660 1025 1707 eius
1045 1673 1110 1718 quae
1130 1674 1198 1706 nunc
1218 1664 1257 1704 est

220 1730 376 1789 Neapolis';
398 1730 560 1785 Fracastoro,
580 1730 621 1777 De
639 1730 726 1778 Morb.
745 1729 813 1777 Gall.
831 1729 848 1777 i.
869 1742 916 1776 210
939 1728 983 1787 (oi
1002 1727 1147 1786 Pontano)‚
1165 1726 1257 1786 ‘longe

219 1794 318 1841 tumulo
337 1794 435 1841 Sirenis
455 1793 486 1842 ab
505 1793 557 1842 alto
579 1789 582 1856 l
605 1793 766 1853 prospiciens
776 1794 790 1842 ’.

251 1862 289 1908 61.
309 1861 355 1920 Cp.
380 1860 454 1920 Livy,
476 1861 530 1909 viii.
553 1873 591 1916 22,
615 1871 636 1920 5,
659 1860 822 1920 ‘Palaepolis
845 1861 897 1909 fuit
918 1861 989 1909 haud
1010 1859 1100 1920 procul
1122 1859 1190 1914 inde,
1213 1857 1257 1907 ubi

217 1943 286 1976 nunc
307 1928 431 1988 Neapolis
450 1928 499 1976 sita
517 1935 562 1976 est.
598 1928 699 1976 duabus
719 1927 827 1976 urbibus
847 1927 958 1987 populus
977 1927 1045 1976 idem
1064 1926 1206 1974 habitabat.
1243 1941 1258 1973 a

218 1995 308 2044 Cumis
325 2004 399 2043 erant
417 1995 537 2052 oriundi;
557 1995 668 2043 Cumani
687 1995 809 2044 Chalcide
829 1995 947 2043 Euboica
963 1994 1090 2054 originem
1110 1992 1217 2041 trahunt
1227 1993 1241 2038 ’.

250 2061 332 2120 63-66.
351 2059 436 2123 ducit,
457 2059 574 2122 attollit,
595 2061 706 2122 aequat,
728 2059 878 2122 protendit,
897 2061 960 2110 dat:
986 2061 1028 2109 the
1050 2062 1137 2120 singer
1157 2060 1179 2107 is
1201 2058 1259 2107 said

220 2136 245 2177 to
263 2129 296 2177 do
314 2130 369 2177 that
386 2129 469 2177 which
487 2129 518 2178 he
535 2129 664 2178 describes
681 2147 709 2177 as
727 2130 801 2178 done.
836 2129 882 2188 Cp.
901 2129 975 2188 Virg.
993 2130 1049 2177 Ecl.
1069 2128 1101 2175 vi.
1119 2129 1159 2187 46,
1177 2126 1259 2175 ‘sola-

220 2198 293 2253 tur';
311 2197 350 2251 62,
369 2197 559 2253 ‘circumdat’;
578 2196 618 2255 63,
635 2197 752 2255 ‘crigit’.

252 2264 291 2322 63.
311 2264 356 2323 Cp.
377 2265 502 2319 Pontano,
519 2266 561 2313 De
577 2265 642 2313 Bell.
660 2265 744 2324 Neap.
763 2264 788 2311 vi
812 2262 855 2321 (of
874 2263 1005 2321 Naples):
1024 2263 1140 2321 ‘priscae
1158 2276 1259 2320 quoque

220 2330 292 2378 urbis
312 2331 520 2390 magnificentiae
540 2339 641 2390 praeter
660 2331 718 2390 ipsa
737 2332 839 2379 moenia
858 2331 971 2379 maximo
991 2338 1029 2378 est
1048 2330 1146 2378 indicio
1165 2329 1260 2377 fluvius

219 2398 289 2445 intra
312 2398 401 2445 urbem
423 2399 545 2447 inductus
567 2406 689 2446 excavato
713 2414 774 2446 saxo
796 2399 822 2445 in
846 2414 898 2457 quo
920 2405 993 2446 vetus
1016 2397 1077 2445 urbs
1100 2404 1154 2445 tota
1176 2397 1259 2444 inerat

220 2465 356 2513 fundata’.

253 2533 292 2579 66.
311 2530 475 2593 Euploeam:
497 2548 536 2580 see
552 2533 609 2581 Ecl.
625 2532 651 2579 ii.
668 2545 699 2591 32
716 2549 740 2580 n.

254 2600 293 2658 67.
311 2596 431 2648 Pharon:
455 2600 501 2659 Cp.
523 2600 585 2648 Stat.
604 2600 668 2648 Silv.
688 2600 725 2647 iii.
746 2609 767 2658 5,
790 2612 832 2646 101
856 2571 901 2658 6ss
919 2599 960 2647 the
981 2599 1080 2646 Pharos
1099 2598 1128 2646 oi
1148 2597 1260 2657 Capri):

221 2666 427 2726 ‘Teleboumque
446 2667 544 2722 domos,
563 2667 671 2726 trepidis
691 2667 734 2715 ubi
753 2666 841 2714 dulcia
858 2667 945 2714 nautis
966 2662 969 2728 l
991 2665 1091 2713 lumina
1107 2665 1260 2723 noctivagae

222 2733 289 2782 tollit
308 2733 408 2782 Pharus
426 2733 526 2781 aemula
543 2733 618 2781 lunae
630 2734 643 2780 ’.
675 2731 786 2793 Jungit:
807 2733 848 2781 the
866 2733 976 2792 reading
992 2734 1022 2781 of
1038 2733 1078 2781 the
1097 2732 1192 2780 Aldine
1209 2731 1261 2779 edi·

222 2801 275 2848 tion
295 2801 325 2848 of
346 2811 415 2859 1535.
453 2801 565 2849 Boiardo
585 2817 642 2849 uses
663 2801 704 2849 the
723 2802 795 2849 word
815 2801 841 2848 in
861 2818 877 2849 a
894 2800 994 2848 similar
1014 2815 1131 2860 passage,
1150 2798 1207 2846 Ecl.
1227 2798 1260 2846 vi.

222 2880 262 2926 32,
278 2868 380 2926 ‘iungit
395 2875 420 2915 et
436 2868 574 2916 Hetruscis
589 2883 716 2927 praesago
732 2874 833 2926 pectore
850 2867 932 2926 glebis
951 2863 953 2927 l
973 2867 1132 2915 concrevisse
1146 2866 1237 2925 Tagen
1248 2866 1262 2912 '.

223 2935 278 2982 The
299 2935 354 2982 first
374 2935 480 2990 edition,
501 2935 607 2994 Naples,
630 2937 699 2994 1526,
720 2936 770 2984 and
791 2936 832 2983 the
854 2936 927 2983 Paris
947 2936 1044 2984 edition
1065 2935 1095 2983 of
1117 2945 1178 2993 1527
1198 2934 1263 2981 have

223 3002 311 3050 vincit.

257 3072 295 3130 67.
315 3084 384 3119 saxa
400 3069 561 3126 Teleboum:
582 3071 623 3120 the
639 3071 725 3120 island
742 3071 773 3119 oi
788 3070 875 3130 Capri.
911 3071 957 3131 Cp.
974 3070 1049 3130 Virg.
1065 3070 1130 3118 Aen.
1147 3068 1191 3117 vii.
1209 3077 1263 3128 735,

224 3136 379 3183 ‘Teleboum
397 3136 510 3196 Capreas
527 3153 585 3185 cum
604 3152 683 3194 regna
701 3143 797 3184 teneret
808 3136 821 3183 ’.

257 3204 295 3251 68.
314 3204 369 3252 The
389 3203 474 3252 fertile
492 3204 564 3264 plain
582 3204 612 3251 of
630 3205 671 3251 the
691 3204 781 3252 Sarno.
816 3203 871 3251 The
890 3203 959 3250 river
978 3218 1041 3250 runs
1059 3201 1126 3250 close
1145 3209 1170 3250 to
1190 3201 1263 3249 Pom-

224 3271 283 3329 peii.
319 3271 365 3330 Cp.
383 3271 552 3319 Sannazaro’s
569 3272 675 3328 Salices,
695 3271 731 3326 18,
750 3271 817 3329 ‘qua
834 3270 945 3329 pinguia
961 3269 1031 3318 culta
1049 3269 1161 3317 vadosus
1181 3263 1184 3330 l
1205 3268 1263 3315 irri-

225 3345 277 3396 gat,
291 3344 316 3385 et
331 3338 434 3396 placido
447 3355 525 3387 cursu
539 3339 604 3398 petit
619 3354 731 3397 aequora
746 3338 843 3386 Sarnus
853 3337 867 3385 ’.
899 3334 1017 3398 Pinguia
1033 3335 1120 3384 culta:
1141 3352 1156 3384 a
1170 3335 1263 3396 phrase

227 3406 296 3453 from
312 3404 407 3463 Virgil.
425 3406 455 3453 G.
470 3405 503 3452 iv.
519 3415 574 3464 372,
590 3406 655 3453 Aen.
672 3405 725 3452 viii.
742 3405 781 3463 63,
798 3422 820 3452 x.
839 3418 892 3464 141.

259 3472 298 3530 69.
318 3471 363 3530 Cp.
382 3471 457 3531 Virg.
475 3473 532 3522 Ecl.
551 3473 583 3520 vi.
603 3473 642 3531 64,
661 3473 732 3521 ‘tum
750 3473 820 3520 canit
838 3508 843 3520 .
863 3509 868 3520 .
887 3471 940 3527 ut’,
957 3479 1012 3525 etc,
1030 3471 1081 3519 and
1099 3470 1142 3518 the
1159 3468 1265 3529 compli-

226 3545 344 3597 mentary
367 3538 544 3588 introduction
569 3541 599 3588 os
623 3539 732 3598 Virgil's
757 3539 845 3588 friend
870 3538 969 3588 Gallus.
1011 3535 1154 3597 comnena
1178 3551 1265 3584 means

226 3605 321 3665 Virgil.
356 3603 506 3654 Melieaeus
522 3622 610 3654 means
629 3606 758 3655 Gioviano
777 3607 902 3660 Pontano,
920 3622 947 3654 as
963 3606 990 3653 in
1008 3604 1065 3652 Ecl.
1082 3604 1109 3652 ii.
1128 3617 1166 3663 42.

261 3683 341 3731 71-72.
360 3673 434 3732 Virg.
448 3674 505 3722 Ecl.
519 3674 546 3727 ii,
564 3687 583 3730 1,
599 3674 760 3722 ‘formosum
774 3680 864 3733 pastor
878 3672 1000 3732 Corydon
1016 3671 1123 3720 ardebat
1138 3670 1264 3726 Alexim’;

227 3740 280 3788 viii.
301 3754 321 3795 1,
339 3741 488 3799 ‘pastorum
505 3757 605 3789 musam
623 3741 750 3789 Damonis
767 3748 791 3788 et
809 3739 975 3799 Alphesiboei
986 3740 1007 3797 ’ς
1027 3739 1097 3788 Serv.
1115 3754 1148 3787 on
1164 3737 1222 3787 Ecl.
1238 3737 1265 3785 ii.

230 3821 250 3864 1,
271 3807 433 3867 ‘Corydonis
451 3807 478 3855 in
496 3823 607 3867 persona
628 3807 759 3866 Vergilius
779 3806 940 3867 intellegitur
949 3807 964 3854 ’.
