3012 4268
618 286 763 336 ECLOGA
784 284 833 344 IV,
850 286 1023 338 PROTEUS
1301 287 1339 344 69

301 455 464 514 Aenariam
484 457 712 532 Prochytenque
731 458 802 514 altis
820 458 976 513 immiserit
995 457 1083 514 astris

300 541 347 597 Ac
364 550 461 598 totum
478 540 576 599 subito
593 542 711 598 caelum
727 540 929 598 tremefecerit
945 542 1008 597 ictu
1017 559 1025 613 3

200 672 205 683 .
301 627 383 682 Tum
399 625 487 681 Pater
503 625 585 682 haud
599 627 684 699 segni
698 625 822 682 molitus
838 625 971 681 fulmina
985 625 1093 681 dextra

303 710 453 765 Immanes
467 710 545 765 acies
559 709 705 784 dejecerit
719 717 808 783 atque
823 718 980 782 tropaeum

300 792 429 866 Jusserit
446 793 584 849 ardentes
601 795 705 849 testari
722 793 867 866 sulphure
885 793 989 866 BajaS,

301 876 392 948 Quod
414 894 487 951 gens
506 878 587 934 victa
607 877 668 934 illis
689 877 810 933 lavisset
830 877 958 934 vulnera
976 877 1116 951 lymphis.
1224 927 1227 934 .
1299 877 1340 932 40

343 960 427 1017 Hinc
444 962 548 1035 magni
566 960 694 1018 Alcidae
711 970 813 1017 tauros
831 970 1017 1036 stratumque
1035 959 1225 1034 profundum

300 1044 472 1119 Aggeribus
487 1053 634 1101 memorat
651 1045 832 1119 ductamque
847 1062 900 1118 per
916 1042 1033 1118 oppida
1048 1061 1200 1118 pompam.

342 1129 403 1186 His
417 1137 531 1185 veteres
545 1128 632 1185 addit
647 1127 768 1200 CumaS,
784 1129 852 1186 loca
866 1130 988 1204 cognita
1004 1129 1134 1198 Phoeb0‚

301 1212 387 1269 Vatis
405 1221 434 1269 et
451 1212 619 1269 horrendae
636 1212 721 1269 lucos
737 1214 919 1287 Triviaeque
936 1230 1067 1269 recessus

302 1296 557 1371 Cimmeriumque
571 1296 676 1354 domos
691 1306 721 1353 et
736 1314 832 1370 opaca
845 1298 876 1352 in
891 1297 1024 1356 vallibus
1038 1305 1134 1353 antra.

342 1381 388 1436 Te
404 1398 524 1455 quoque
540 1380 693 1437 formosae
708 1390 832 1454 captum
849 1381 981 1437 Nesidos
996 1398 1106 1452 amore,

303 1464 473 1539 Pausilype‚
494 1466 570 1521 irato
592 1464 755 1538 compellat
775 1465 813 1520 ab
833 1481 960 1539 aequore
980 1472 1095 1539 questu.

301 1547 351 1604 Ah
367 1550 465 1618 miser,
484 1549 522 1604 ah
539 1549 618 1605 male
635 1557 730 1619 caute,
748 1557 818 1606 tuae
834 1548 908 1622 quid
926 1547 993 1605 fata
1009 1548 1130 1622 puellae

301 1631 481 1688 Acceleras?
521 1631 615 1706 Cupit
632 1633 665 1688 in
681 1632 795 1690 medios
813 1632 938 1690 evadere
956 1631 1063 1689 fluctus

303 1715 428 1786 Infelix,
447 1717 531 1789 cupit
548 1717 700 1774 insuetum
716 1716 804 1773 finire
820 1715 966 1774 dolorem.
1090 1785 1092 1788 Ι
1302 1717 1340 1774 50

301 1799 343 1856 At
358 1800 413 1856 tibi
429 1817 483 1856 nec
499 1818 589 1857 curae
603 1810 646 1857 est
662 1801 743 1875 quod
758 1819 824 1857 eam
841 1801 1000 1874 Neptunia
1013 1806 1148 1858 monstra

302 1883 514 1954 Circumstent,
530 1901 614 1941 mare
628 1901 683 1940 nec
699 1885 806 1958 rapido
822 1885 903 1960 quod
919 1885 1037 1943 sorbeat
1053 1894 1145 1942 aestu.

300 1967 351 2023 Ah
366 1969 464 2038 miser,
481 1968 520 2024 ah
535 1968 614 2025 male
631 1977 726 2039 caute,
743 1968 826 2026 ultra
841 1969 914 2044 quid
931 1969 1073 2026 bracchia
1087 1968 1206 2026 tendis?

301 2051 379 2109 Siste
396 2051 525 2126 gradum
534 2070 542 2125 3
560 2053 637 2127 riget
655 2052 710 2109 illa
725 2053 809 2127 jugis
825 2061 944 2110 assueta
958 2055 1070 2111 nivosis
1126 2048 1128 2052 ’

301 2135 457 2206 Venatrix,
478 2145 569 2211 quarn
584 2137 670 2193 mille
687 2136 771 2194 ferae
789 2138 916 2194 timuere
933 2147 1105 2213 sequentem

302 2220 359 2276 Per
377 2219 480 2277 saltus.
520 2221 582 2278 Vos
599 2221 686 2291 hanc,
706 2221 837 2295 Panope,
856 2239 917 2292 voS,
936 2221 1068 2279 candida
1085 2222 1202 2296 Drymo

302 2302 527 2379 Cymothoeque
547 2304 692 2380 Rhoeque
711 2304 903 2379 Pherusaque
924 2304 1159 2379 Dinameneque,

300 2388 440 2461 Accipite
457 2397 485 2445 et
503 2389 611 2445 vestris
626 2389 738 2445 sociam
756 2388 881 2445 lustrate
900 2389 1024 2447 choreis

342 2474 423 2529 Tum
440 2473 522 2529 canit
538 2473 677 2547 antiquas
693 2472 777 2530 sedes
793 2473 997 2547 opulentaque
1014 2489 1108 2546 regna

301 2556 481 2613 Auricomae
499 2556 612 2614 Sirenis
630 2566 659 2613 et
677 2556 773 2612 altum
791 2557 824 2612 in
840 2566 942 2613 monte
958 2555 1141 2630 sepulcrum,
1301 2555 1340 2612 60

300 2638 451 2714 Sacraque
471 2639 723 2714 Chalcidicosque
740 2639 811 2696 deos
827 2641 1005 2714 magnisque
1022 2657 1075 2713 per
1093 2657 1204 2715 aequor

299 2722 453 2796 Auspiciis
470 2733 570 2781 vectas
587 2724 661 2781 haec
678 2725 745 2798 ipsa
761 2723 800 2781 ad
817 2724 908 2781 litora
925 2724 1042 2781 classes.

342 2809 424 2864 Tum
442 2807 573 2882 liquidos
591 2808 693 2865 fontes
710 2809 811 2865 subter
830 2827 905 2866 cava
921 2809 1041 2866 moenia
1058 2808 1142 2865 ducit

300 2890 484 2966 Attollitque
501 2910 584 2950 arces
599 2901 628 2949 et
643 2892 777 2949 culmina
791 2893 945 2950 montibus
960 2901 1070 2967 aequat

301 2975 474 3046 Tectorum,
491 2985 592 3032 vastas
607 2975 761 3050 protendit
777 2977 810 3032 in
826 2994 958 3052 aequora
973 2977 1067 3034 moles

302 3058 530 3134 Euploeamque
548 3059 654 3133 procul
672 3060 798 3134 trepidis
816 3061 868 3117 dat
886 3078 1005 3117 cernere
1021 3061 1122 3117 nautis

300 3142 401 3217 Atque
419 3143 558 3216 Pharon,
576 3143 681 3218 jungit
697 3144 837 3217 scopulos
854 3151 1077 3218 praeruptaque
1093 3161 1165 3201 saxa

301 3226 469 3283 Teleboum
486 3227 633 3301 Sarnique
649 3245 750 3284 amnes
767 3236 796 3284 et
812 3227 940 3302 pinguia
956 3227 1046 3284 culta.

342 3311 424 3366 Tum
438 3304 519 3367 canit
531 3319 565 3367 ut
580 3309 743 3385 Corydona
757 3329 843 3369 sacro
858 3312 1020 3368 Melisaeus
1036 3313 1067 3367 in
1082 3321 1170 3370 antro

301 3394 421 3451 Viderit
440 3403 469 3451 et
489 3395 621 3452 calamos
640 3394 734 3451 labris
753 3394 920 3452 admoverit
940 3395 1039 3452 audax
1302 3396 1339 3452 70

302 3478 480 3537 Formosum
494 3478 602 3553 quibus
618 3477 671 3535 ille
686 3478 759 3536 olim
775 3488 912 3535 cantarat
928 3479 1049 3549 Alexin,

302 3562 430 3619 Dixerat
447 3571 476 3619 et
493 3580 609 3619 musam
628 3563 775 3620 Damonis
793 3572 822 3619 et
839 3562 1044 3636 Alphesiboei,

302 3647 395 3719 Queis
413 3645 518 3716 fretus,
536 3645 669 3703 dictante
689 3647 763 3717 Dea,
782 3655 826 3704 tot
843 3646 943 3704 sidera
958 3647 1045 3704 nobis

303 3729 483 3800 Prodiderit,
505 3739 604 3786 tantas
625 3731 700 3787 caeli
720 3729 900 3804 patefecerit
920 3748 995 3788 oras

343 3813 425 3886 Quid
444 3813 576 3870 referam
594 3822 646 3871 aut
666 3814 785 3872 Stabias
805 3823 857 3871 aut
876 3832 952 3888 quae
972 3815 1103 3872 tenuisse
1120 3816 1238 3873 canoris
