3012 4268
536 323 795 374 SANNAZARO'S
811 326 1054 379 POPULARITY
1281 333 1315 389 19

276 496 347 552 And
369 497 454 554 there
475 515 526 555 are
546 498 702 573 naturally
723 499 838 556 several
860 499 964 575 things
986 500 1020 559 of
1043 501 1094 558 the
1115 501 1189 558 kind
1212 502 1244 558 in
1266 501 1317 560 the

275 579 444 721 giscatoria
474 580 507 638 of
541 581 690 639 Nicolaus
721 582 901 640 Parthenius
932 583 1175 643 Giannettasius:
1208 585 1239 641 in
1269 585 1316 642 his

304 682 404 721 aesar:

439 845 492 942 ‘non
510 846 549 877 me
567 830 672 878 divinus
689 831 784 891 poterit
801 847 923 891 superare
939 833 1055 881 canendo

464 896 538 953 etius,
552 903 614 954 etc.;

275 1067 305 1121 in
320 1065 367 1122 his
383 1065 525 1140 Thyrsis:

964 1234 985 1281 si
1004 1216 1083 1294 quas

440 1296 545 1357 Synceri
562 1298 602 1346 vel
618 1298 697 1347 habes
712 1297 812 1355 laudes
827 1308 889 1358 etc.;

275 1468 305 1524 in
322 1468 369 1524 his
388 1467 590 1526 Cardenides:

438 1649 515 1692 quam
530 1633 594 1681 mihi
611 1635 738 1694 Syncerus
754 1635 866 1683 moriens
881 1636 989 1684 donavit
1005 1636 1150 1684 avenam.³³

317 1803 378 1861 But
402 1803 454 1860 the
478 1805 653 1879 popularity
677 1804 712 1862 of
738 1805 788 1862 the
816 1806 971 1881 Piscatory
998 1807 1149 1881 Eclogues
1175 1825 1236 1864 was
1261 1817 1315 1865 not

274 1886 414 1944 confined
441 1896 470 1945 to
498 1888 587 1963 Italy.
631 1889 675 1945 As
701 1888 785 1963 early
809 1907 841 1946 as
871 1890 946 1948 1549
972 1890 1114 1964 Joachim
1139 1890 1180 1948 du
1208 1891 1315 1964 Bellay

274 1971 365 2029 could
392 1973 479 2028 write
505 1973 536 2028 in
563 1973 610 2028 La
634 1973 782 2042 Deffence
810 1979 840 2030 et
866 1972 1050 2030 illustration
1080 1975 1117 2031 de
1145 1974 1175 2031 la
1203 1973 1314 2049 langue

273 2055 434 2129 fransoyse
457 2055 503 2130 (ii.
521 2055 556 2131 4)
574 2076 579 2113 :

307 2235 407 2284 Chante
430 2252 491 2296 moy
515 2236 591 2285 d’une
614 2244 723 2285 musette
746 2237 806 2286 bien
830 2246 985 2287 resonnante
1009 2246 1033 2287 et
1057 2240 1133 2288 d’nne
1156 2239 1231 2288 fluste
1253 2239 1313 2288 bien

272 2303 355 2362 jointe
375 2319 416 2351 ces
435 2303 576 2364 plaisantes
596 2303 729 2363 ecclogues
749 2306 887 2365 rustiques,
908 2302 922 2354 b
941 2306 1074 2366 l’exemple
1095 2307 1125 2356 de
1145 2307 1268 2355 Theocrit
1289 2315 1312 2355 et

272 2370 434 2485 {iaeinissrgila
455 2371 576 2427 marines,
596 2368 611 2420 ὲ
630 2372 763 2432 l’exemple
784 2373 815 2421 de
836 2373 974 2429 Sennazar,
995 2373 1178 2433 gentilhomme
1197 2373 1312 2434 neapoli-

272 2592 375 2667 Julius
394 2593 505 2651 Caesar
521 2593 658 2668 Scaliger
675 2593 783 2669 boldly
801 2595 865 2652 said
884 2594 918 2653 of
937 2595 1015 2652 their
1033 2594 1142 2653 author
1167 2595 1314 2668 (Poetice,

272 2675 318 2749 vi)
336 2697 341 2734 :
359 2676 375 2701 “
390 2678 428 2733 In
442 2678 573 2734 carmine
588 2696 707 2752 quoque
721 2679 867 2752 pastorali
883 2678 964 2737 solus
977 2678 1038 2753 legi
1053 2679 1165 2753 dignus
1180 2679 1313 2738 omnium

273 2761 325 2836 qui
359 2769 427 2834 post
460 2760 627 2835 Virgilium
660 2763 806 2834 scripsere
818 2761 844 2818 ”.
899 2761 939 2819 So
974 2762 1071 2837 Janus
1107 2761 1313 2820 Broukhusius

273 2853 375 2914 wrote,
392 2846 422 2901 in
438 2845 490 2902 the
505 2844 633 2902 Preface
647 2844 681 2903 of
695 2845 742 2902 his
757 2845 887 2902 edition:
905 2844 922 2870 “
936 2845 1030 2903 Cuius
1044 2847 1102 2903 viri
1117 2845 1314 2904 limatissimis

273 2928 455 2986 carminibus
472 2929 549 2985 nihil
565 2937 633 3003 post
649 2928 803 2987 saeculum
818 2930 1027 3005 Augustaeum
1042 2929 1231 2990 emendatius
1244 2947 1312 3004 pro-

273 3012 363 3070 diisse
377 3013 401 3069 si
415 3013 481 3086 quis
495 3013 614 3082 dixerit,
628 3030 687 3069 nae
699 3013 753 3070 ille
766 3013 908 3086 profecto
919 3013 1001 3071 haud
1017 3014 1122 3088 iniquo
1135 3012 1313 3071 iudicaverit

273 3096 458 3170 Apolline''‚
502 3096 574 3153 And
603 3095 758 3154 Gerardus
783 3097 918 3171 Joannes
944 3097 1070 3154 Vossius
1096 3097 1161 3154 said
1195 3096 1311 3171 (lnrtit.

272 3181 357 3237 Poet.
385 3181 426 3238 iii.
455 3179 512 3255 8):
542 3179 667 3238 “Actius
694 3188 795 3238 tamen
821 3180 1023 3239 Sannazarius
1050 3180 1105 3238 hos
1132 3181 1225 3248 etiam
1256 3179 1311 3254 (sc.

305 3343 333 3377 ³³
343 3344 488 3395 Piscatoria
505 3353 529 3394 et
544 3344 668 3404 Nauticca
684 3346 723 3394 ed.
739 3345 775 3402 ii„
793 3344 900 3405 Naples,
920 3345 989 3400 1686,
1006 3362 1048 3405 pp.
1066 3358 1104 3402 22,
1120 3359 1159 3407 24,
1175 3359 1214 3407 49.

306 3425 392 3475 3’ΝΗ
411 3435 449 3476 est
466 3427 517 3476 bon
538 3428 569 3476 de
587 3435 661 3476 noter
680 3428 803 3487 qu’avant
826 3438 895 3488 1549,
914 3427 937 3476 le
956 3426 1034 3492 poete¹
1049 3429 1160 3489 Hugues
1181 3429 1258 3484 Salel,
1278 3444 1312 3478 un

273 3494 324 3542 ami
338 3494 369 3543 de
385 3495 480 3551 Marot,
494 3495 564 3544 avait
577 3490 697 3554 compost
712 3511 761 3544 une
774 3497 896 3556 Eglogue
910 3498 1018 3554 marine,
1032 3493 1065 3544 ob
1080 3496 1098 3544 il
1113 3497 1230 3556 peignait
1245 3497 1312 3544 deux

272 3562 418 3618 mariniers‚
436 3562 531 3610 Merlin
548 3570 572 3611 et
590 3562 709 3612 Brode'au
730 3559 899 3622 (c'est-b-dire
915 3564 952 3611 les
966 3560 1053 3623 poetes
1071 3564 1162 3612 Mellin
1180 3563 1210 3612 de
1228 3564 1311 3613 Saint-

273 3628 367 3688 Gelays
388 3635 413 3677 et
433 3629 524 3678 Victor
547 3630 693 3689 Brodeau),
713 3630 835 3690 pleurant
854 3629 881 3678 la
902 3637 969 3678 mort
990 3625 1154 3690 prematurte
1176 3631 1207 3679 de
1230 3631 1311 3679 Fran·

272 3695 325 3754 cois
341 3696 372 3745 de
388 3696 486 3752 Valois,
503 3697 620 3756 dauphin
637 3698 667 3746 de
684 3697 817 3754 ViennoiS,
835 3697 875 3745 fils
892 3693 951 3746 aine
968 3698 999 3746 de
1016 3698 1141 3757 Franqois
1158 3698 1207 3746 101⁸.
1239 3698 1311 3747 Cette

273 3757 382 3823 eglogue
406 3763 456 3812 fait
478 3765 561 3823 partie
583 3765 618 3813 du
640 3764 735 3813 recueil
757 3765 902 3814 d'Oeuvres
923 3765 985 3824 qu'il
1008 3764 1098 3824 publia
1119 3766 1179 3814 chez
1202 3758 1311 3814 Etienne

274 3830 368 3887 nosset,
386 3827 401 3880 b
417 3830 499 3887 Paris,
516 3847 547 3879 en
566 3831 651 3892 1539”
672 3831 773 3891 (Henri
790 3832 929 3893 Chamard,
944 3833 971 3880 in
987 3833 1028 3892 his
1046 3827 1161 3893 ‘edition
1176 3833 1286 3894 critique
1297 3832 1311 3897 ²,

273 3897 347 3960 Paris
368 3910 437 3960 1904,
455 3915 479 3972 p.
499 3909 553 3972 ²²7·
1246 3899 1250 3906 '
